2150 3012
172 164 208 218 tr
275 131 288 144 ’
442 161 594 214 onnrro
611 161 695 217 vrri

173 266 229 318 iam
242 266 271 316 in
283 263 396 318 iudiciis
408 277 465 316 non
480 265 649 330 argumentis
665 269 772 316 tantum
787 266 903 328 utimur,
922 266 974 321 ssd

174 335 258 384 etiam
277 332 399 399 legibus,
423 331 605 392 testimoniis,
625 332 868 394 conventionibus,
889 349 973 400 quae·

173 399 325 458 stionibus,
339 397 518 450 iureiurando
534 399 658 459 nitimur3
678 411 765 464 eaque
782 400 875 450 omnia
887 401 973 452 inter·

174 463 238 519 dum
248 481 265 516 a
274 465 355 516 nobis
365 464 480 525 iaciunt,
490 463 628 514 interdum
638 464 721 514 etiam
731 479 847 516 caussae
858 473 972 518 nostrae

173 533 287 584 inimica
305 536 383 591 sunt,
402 529 508 581 idcirco
524 531 552 580 in
571 536 696 580 extrema
708 538 786 596 parte
799 529 882 582 huius
896 533 971 597 libri,

174 613 246 666 quae
255 611 327 648 nunc
337 596 501 661 explicanda
510 595 591 646 nobis
602 601 657 658 est,
668 597 762 658 docet,
775 599 915 664 quomodo
924 599 971 662 iis,

174 680 244 731 quae
254 663 400 715 temnentis
411 675 543 728 expressa
553 667 630 723 sunt,
648 664 786 728 quomodo
797 663 970 716 iuriiurando

174 731 227 781 vim
238 743 270 780 ac
280 729 366 780 robur
375 735 422 779 aut
431 729 533 780 addere
544 735 591 780 aut
600 729 722 780 adimere
732 730 890 782 debeamus.
911 731 970 781 Uti·

173 797 211 848 lis
220 799 370 862 praecepta
380 801 408 846 et
419 797 533 862 cognitu
542 796 627 864 digna
641 802 669 846 et
685 801 825 848 oratorum
835 798 971 848 iuriscon-

174 863 363 927 sultorumque
378 862 540 912 communia.
576 862 654 922 Quae
668 877 729 914 cum
742 863 871 914 absoluta
880 870 971 927 erunt,

174 943 279 982 sumam
289 927 357 978 mihi
367 929 568 978 oratiunculam
578 929 699 995 aliquam
710 929 866 991 Ciceronis,
876 929 904 978 in
916 943 972 996 qua

174 1011 253 1048 usum
265 995 382 1061 aliquem
394 993 708 1062 horumpraeceptorum
720 995 812 1048 ridere
821 996 971 1061 possimus.

173 1061 293 1123 Interea,
300 1087 331 1098 -
342 1076 490 1126 paucorum
502 1064 574 1112 enim
581 1063 686 1114 dierum
696 1061 818 1114 futurum
828 1063 972 1131 negotium

175 1133 230 1189 est,
241 1155 274 1166 -
284 1127 426 1179 absolvam
436 1129 572 1195 inceptam
583 1143 651 1182 ome
662 1135 754 1180 restra
764 1143 878 1192 caussa,
894 1129 971 1180 audi·

173 1201 267 1258 tores,
288 1193 415 1246 Latinam
428 1197 685 1262 interpretationem
700 1197 815 1248 secundi
828 1195 925 1247 horum
937 1195 971 1246 li·

174 1260 302 1324 brorum,
317 1275 432 1330 eantque
442 1262 605 1330 divulgabo,
620 1277 655 1314 ne
667 1263 728 1329 quis
738 1269 859 1313 reanum
870 1259 972 1314 Graeci

176 1329 312 1380 sermonis
340 1329 517 1396 ignoratione
542 1345 559 1379 a
587 1329 789 1395 cognoscendis
812 1327 972 1381 Aristotelis

119 1429 120 1436 κ
175 1395 332 1464 praeceptis
353 1396 548 1448 absterreatur.
582 1397 621 1445 Ac
637 1395 717 1446 robis
733 1395 855 1462 quidem,
877 1393 972 1448 adole·

176 1467 299 1525 scentes,
326 1467 464 1531 utcunque
487 1460 658 1513 satisfecisse
682 1473 741 1524 me,
772 1475 861 1529 neque
882 1475 973 1514 meam

176 1524 247 1579 hanc
261 1529 477 1598 disputationem
492 1528 571 1579 robis
588 1534 635 1578 aut
646 1528 820 1579 iniucundum
832 1535 880 1579 aut
889 1529 971 1584 inuti·

175 1593 231 1646 lem
245 1593 332 1647 fuisse
348 1597 467 1648 confido.
501 1595 555 1644 His
569 1602 659 1645 autem
670 1597 777 1660 magnis
787 1609 820 1646 ae
829 1602 971 1662 praestan·

175 1661 250 1712 tibus
263 1664 343 1725 viris,
358 1665 405 1730 qu‘i
418 1661 576 1741 praesentia
589 1675 639 1710 sua
654 1660 745 1710 locum
760 1659 831 1713 hunc
850 1663 971 1714 cohone·
1061 1699 1066 1724 ‚⁴

175 1732 250 1779 stare
262 1729 382 1796 dignati,
397 1728 466 1779 mhil
476 1741 511 1776 ex
520 1740 577 1788 me,
593 1726 668 1791 quod
677 1727 813 1794 gravitate
823 1736 905 1796 atque
915 1743 971 1780 am·

176 1793 311 1858 plitndine
322 1810 373 1845 sua
381 1796 408 1844 di
431 1807 494 1842 num
505 1799 593 1853 esset,
608 1792 703 1844 audire
713 1801 874 1861 potuerunt,
889 1809 972 1862 quem

139 1905 142 1911 .
175 1862 286 1912 tandem
299 1809 462 1912 referendae
478 1858 585 1923 gratiae
599 1859 735 1911 rationem
749 1861 896 1913 inibimus!
918 1861 972 1910 Pa·

175 1937 284 1979 reamus
294 1928 387 1994 potius
396 1924 554 1976 Aristotelis
564 1934 727 1994 praecepto,
745 1929 792 1995 qui
802 1927 854 1976 hoc
867 1925 970 1990 ipso'io

174 1993 245 2044 iibro
257 1994 291 2044 de
301 1995 349 2051 iis,
365 2005 434 2055 quae
450 2005 534 2056 supra
544 1994 616 2044 vires
627 2003 703 2062 sunt,
719 2010 753 2046 ne
769 1991 969 2057 cogitationem

173 2061 287 2176 auidam
297 2055 499 2121 suscipiendam
515 2067 622 2124 monet,
642 2068 670 2112 et
685 2061 770 2115 muito
783 2057 845 2122 plus
860 2057 901 2108 eis
915 2072 968 2113 nos

192 2125 274 2175 ebei'e
288 2122 424 2186 confessi,
459 2141 520 2176 uam
535 2129 679 2179 exsolvere
690 2125 748 2176 ulia
759 2123 866 2173 ratione
878 2124 966 2188 possi.

171 2205 246 2251 mus,
257 2189 311 2239 iro‘c
321 2189 419 2241 saitem
430 2207 470 2242 ers
481 2193 645 2254 referamus,
661 2206 695 2242 ne
706 2205 755 2241 eos
765 2203 782 2237 a
791 2188 967 2253 gravioribus
1064 2199 1065 2208 ¹

170 2256 306 2322 negotiis,
319 2268 388 2324 quae
400 2257 513 2311 honoris
526 2262 614 2312 nostri
625 2258 716 2326 gratis
726 2254 890 2322 omiserunt,
901 2269 968 2312 aru·

170 2329 249 2376 catos
260 2321 362 2376 diutius
373 2328 551 2380 retineamus.

366 2537 379 2552 ,Δ
472 2496 653 2527 ..Ρ-..-
