2140 3010
178 151 229 208 236
438 151 671 208 PRAEFATIO
688 148 723 206 V.

177 257 265 307 vitate
284 232 403 308 mexinre
422 253 541 307 alienum
561 253 646 306 toret.
682 252 756 314 Quid
776 247 848 306 euim
863 260 909 306 est
926 261 982 307 tem

175 323 253 386 leve,
263 328 320 374 tem
329 324 520 390 nugatorium,
538 327 595 372 tam
605 319 802 388 sophisticum,
822 328 879 372 tam
892 321 983 388 philoss

179 388 269 456 sopho
279 389 432 458 indignum,
445 403 525 458 quem
536 403 598 440 eum
608 388 643 439 de
653 389 737 440 rebus
748 389 880 455 gravibus
890 389 984 456 dispu-

98 482 107 492 α
179 464 238 520 tes,
260 457 338 508 euius
348 457 515 511 seutentiam
525 455 641 522 probes,
660 455 720 506 eius
730 456 817 507 verbe
826 453 940 522 ruptore
952 471 984 508 se
1026 518 1027 521 Ἴ

180 521 985 592 earillorilsophistarumhocesseeitdristotelesipsein

179 593 304 659 Topicis,
317 592 386 654 eius,
402 591 512 658 quicum
522 589 673 656 disputant,
687 589 839 640 verbo'uon
848 591 897 653 itu,
908 597 939 641 ut
949 591 983 642 ab

181 673 215 710 eo
226 673 337 710 sensum
348 663 400 720 est,
408 657 601 724 sculpere‚sed
612 657 640 706 in
650 656 732 706 aliem
743 656 864 724 aliquam
875 664 985 708 senteu-

179 727 248 778 tiam
258 725 435 791 detorquere,
447 725 476 774 in
502 737 537 774 ua
547 721 775 790 reprehendenda
786 725 883 774 diserti
895 737 928 774 ao
938 737 984 776 oo·

179 794 254 862 piosl
266 805 327 844 esse
337 791 456 856 possint.
512 796 649 852 rueteree,
660 790 684 840 si
694 790 860 842 Aristoteles
871 805 927 840 non
937 793 985 842 ad·

179 873 277 911 vorsus
292 857 452 919 Platonem,
471 857 522 909 sed
534 857 667 908 adversus
683 869 747 919 eos,
770 872 840 924 quos
856 856 984 910 Platonis

180 927 267 977 verba
276 923 523 991 parumintelleota
532 924 561 975 iu
571 937 693 975 errorem
705 924 928 976 autiuduxeraut
936 933 986 977 aut

166 993 466 1058 iuducerepoterunt,
486 993 669 1058 disputasset:
686 991 871 1055 videturhoo‚
891 994 985 1043 sinon

178 1059 294 1125 ubique,
314 1064 345 1110 ot
357 1063 432 1109 certe
447 1059 549 1111 alieubi
560 1064 655 1124 aperte
666 1071 699 1108 ae
710 1056 822 1110 disertis
831 1057 924 1110 uerbis
936 1072 984 1110 er·

177 1139 324 1193 pressurus
334 1124 435 1190 fuisse,
448 1127 532 1195 idque
543 1125 649 1176 duabus
663 1125 697 1176 de
708 1126 825 1178 caussis.
859 1126 985 1178 Primum
1054 1123 1055 1134 ¹

178 1199 210 1245 ut
224 1191 363 1260 effugeret
374 1192 452 1244 illam
465 1193 612 1254 iuvidiam,
632 1193 661 1242 iu
671 1207 754 1259 quam
766 1207 796 1246 se
807 1194 983 1246 incursurum
1054 1199 1055 1234 ῖ

178 1259 252 1328 apud
262 1259 496 1312 multosl'letonis
507 1266 646 1311 amatores
657 1257 740 1312 iaeile
751 1261 911 1328 prospicere
921 1268 984 1329 pot·

180 1334 249 1378 erat.
282 1327 324 1379 lta
340 1328 413 1379 enim
426 1327 536 1378 videtur
551 1333 647 1394 gratus
663 1327 693 1376 in
706 1329 869 1395 magistrum
881 1328 983 1392 fuisse,

178 1400 208 1450 ot
221 1395 390 1462 persolvisse
408 1393 434 1445 el
450 1394 593 1460 praeolaro
607 1393 746 1463 δίδακτρα,
765 1395 790 1446 si
807 1395 881 1446 diota
893 1396 983 1462 ipsius
1054 1413 1055 1434 ¹

177 1462 390 1528 interpretando
413 1475 506 1514 veram
529 1461 590 1512 eius
619 1461 787 1513 seutentiam
815 1465 983 1530 aperuisset.

177 1525 258 1580 Nune
279 1528 389 1580 videtur
407 1527 515 1591 multis,
538 1533 570 1578 ut
588 1527 739 1580 Herculem
760 1531 853 1584 estin
877 1528 983 1584 fabulis

137 1649 139 1654 ,
177 1609 275 1647 necem
287 1593 508 1658 attulisseLino,
525 1603 580 1663 quo
595 1596 729 1713 maqistro
743 1597 772 1648 iu
785 1597 897 1649 musiois
913 1613 984 1650 usus

177 1661 279 1726 luerat,
290 1664 331 1714 sio
340 1661 516 1726 Aristoteles,
529 1677 546 1712 a
556 1677 637 1731 quop
658 1662 828 1730 ilosoplriam
834 1665 984 1730 didicerat,

176 1727 232 1781 hoe
246 1731 273 1780 ei
287 1730 439 1812 praemium
452 1729 624 1794 reddidisse,
645 1739 677 1782 ut
688 1745 783 1784 omnes
798 1729 885 1801 prop'e
903 1732 983 1786 illiu's

177 1803 331 1849 sententias
346 1796 477 1864 iugulare·
488 1811 519 1848 ao
531 1796 683 1850 confodere
694 1797 824 1852 voluerit.
859 1799 983 1866 Deinde,
1054 1825 1055 1858 1

178 1863 254 1930 quod
277 1863 396 1930 ipsemet
418 1863 556 1916 incideret
579 1865 610 1916 in
631 1867 747 1918 eandem
766 1867 844 1919 illam
862 1867 984 1935 eulpam,
1054 1869 1055 1914 ἐ

178 1943 260 2000 quem
274 1930 301 1979 in
315 1929 370 1981 alio
385 1929 611 1996 reprehenderet.
647 1932 749 1984 Posset
768 1935 841 1984 eulm
861 1949 916 1985 non
932 1935 985 1986 im·

178 1997 278 2047 morito
294 1995 394 2062 uliquis
412 1997 523 2050 diceres.
539 1997 612 2060 Quid
626 1998 655 2048 iu
669 1997 787 2048 Platone
801 1998 988 2064 reprehendit

176 2059 359 2118 Aristotelesl
385 2063 505 2114 Dicendi
526 2079 623 2130 genus.
665 2063 737 2124 Quid
755 2063 812 2120 ltsl
838 2065 905 2130 quia
925 2070 985 2121 tale

178 2128 234 2190 est,
254 2132 285 2178 ut
297 2127 390 2178 multis
405 2128 529 2182 obiicere
547 2126 671 2183 errorem
686 2135 778 2195 queat.
813 2130 849 2181 At
862 2131 986 2198 ipsemet

178 2194 277 2248 eodeni
286 2194 356 2245 vitio
365 2195 522 2264 implicatus
533 2201 653 2260 tenetur,
664 2197 689 2248 si
699 2211 759 2247 oum
770 2196 915 2252 aPlatone
926 2217 984 2254 nou

177 2260 334 2322 dissentiat,
345 2262 385 2312 ita
394 2264 486 2314 tamen
496 2263 633 2331 loquitur,
650 2270 681 2315 ut
690 2263 935 2320 vehementissime
947 2270 983 2320 ab

176 2341 211 2380 eo
225 2327 373 2381 dissentire
383 2329 520 2385 videatur.
555 2331 626 2393 Quis
639 2338 731 2384 autem
745 2339 800 2396 est,
821 2336 866 2385 oui
878 2335 935 2386 iste
946 2335 982 2387 ael

177 2393 437 2464 reprehendendum
444 2400 491 2467 vie
500 2415 556 2452 uon
565 2400 676 2466 pateatl
687 2405 801 2472 autquis
811 2415 931 2468 uuquam
940 2405 982 2454 itu

122 2505 124 2512 .
175 2465 289 2532 proprie
304 2472 386 2543 atque
401 2470 540 2535 exquisite
556 2467 667 2521 locutus
682 2474 739 2532 est,
758 2475 789 2520 ut
802 2469 877 2520 illius
889 2472 980 2522 oratio

175 2533 279 2586 nemini
289 2545 404 2652 quorsus
416 2550 541 2590 errorem
550 2535 652 2592 afferre
662 2535 776 2606 pussetl
796 2535 883 2598 Quam
893 2535 982 2588 multa

177 2601 280 2654 suntin
300 2604 377 2669 psius
387 2605 548 2659 Aristotelis
562 2607 688 2674 scriptis,
700 2619 785 2674 quae,
799 2607 823 2656 si
835 2604 896 2672 quis
907 2602 981 2654 nudo

176 2675 283 2723 tautum
299 2670 385 2725 verbe
401 2676 576 2742 consideret,
596 2673 809 2734 absurdissimas
827 2671 980 2728 sententies
