2120 3018
386 185 536 238 oanrro
556 187 589 241 v.
853 191 888 244 er
910 181 916 186 ’

87 304 167 360 quarn
177 287 347 353 inPlatone,
360 294 454 340 vestra
468 287 627 341 elaboraret
637 289 782 342 industria.
816 291 887 344 Nam

86 365 115 409 ut
125 365 294 417 ceterorum,
306 370 377 423 quae
389 371 472 423 supra
486 357 619 420 diximus,
635 357 848 409 dissolutionem
858 361 887 416 in

83 425 161 476 aliud
181 431 289 490 tempus
310 437 498 485 reservemus,
523 430 552 474 et
571 438 631 475 eam
651 431 758 476 tantum
780 433 886 490 partem
969 471 979 481 „

82 497 272 562 pertexamus,
287 491 365 541 cuius
375 491 523 556 praecipue
535 506 635 554 caussa
649 490 721 542 hune
731 505 886 544 sermonem

83 560 180 610 exorsi
203 573 307 620 sumus,
336 557 431 622 dispar
453 557 563 624 quidem
587 557 709 609 fortasse
735 559 886 610 Carneadia

84 640 184 677 caussa
194 631 276 691 atque
287 625 359 674 ratio
371 623 468 674 luerit:
489 623 571 676 Plato
586 631 662 676 certe
677 624 748 676 nihil
758 639 803 687 se,
817 626 888 676 nihil

82 690 262 760 philosophia
271 691 415 758 indignum
429 691 561 756 suscepit,
574 691 733 759 nibil'quod
745 706 801 743 non
813 693 888 743 omni

82 773 118 812 ex
127 758 206 826 parte
217 761 256 819 ei,
271 773 352 824 quem
362 773 429 808 vere
441 773 473 808 ac
482 759 582 808 merito
594 762 747 810 animorum
757 760 887 810 Aescula-
902 812 904 816 ,

34 890 38 895 ,
80 827 189 944 pinum)
200 825 521 892 nominavitantiquitas,
534 827 704 878 conveniret.
740 825 802 878 Non
815 829 886 878 enim

100 909 131 944 as
155 892 288 943 subdolas
310 891 435 944 iustitiae
459 893 647 944 criminandae
676 894 802 950 rationes
825 897 887 960 ipse

79 964 255 1012 commentus
271 965 326 1020 est,
343 973 432 1026 neque
448 974 541 1010 earum
557 963 637 1026 quasi
648 967 726 1012 sator
740 975 772 1010 ao
786 975 886 1029 parens

14 1076 17 1082 .
78 1028 149 1090 fuit,
170 1025 294 1088 sedeas,
313 1041 374 1077 cum
390 1027 423 1078 ab
437 1024 594 1078 hominibus
607 1028 742 1094 improbis
757 1029 886 1094 proditae

78 1099 250 1162 vagarentur
270 1107 302 1143 ac
325 1101 523 1161 spargerentur
541 1093 685 1159 licentius,
708 1095 817 1162 iamque
835 1109 887 1163 per

60 1159 231 1214 ⁴multorum
251 1161 357 1211 animos
377 1162 456 1228 quasi
475 1162 644 1230 contagione
663 1162 779 1229 quadam
794 1177 886 1230 serpe-

79 1236 158 1291 rent,
169 1242 205 1277 nc
215 1226 372 1278 diffluerent
381 1242 414 1279 ac
425 1235 569 1279 manarent
577 1229 675 1292 latius,
686 1230 895 1295 praecidendas.

80 1297 143 1363 ipse
154 1300 239 1360 atquo
253 1295 433 1359 amputandas
447 1295 563 1360 putarit.
597 1294 660 1346 Non
673 1302 785 1362 poterat
795 1303 887 1348 autern
961 1355 969 1365 ,

81 1363 192 1414 iustitia
203 1359 329 1429 perfecte
346 1359 539 1428 cumulateque
556 1360 682 1424 defendi,
701 1377 791 1427 neque
805 1364 888 1430 proli·

81 1429 209 1492 teri**),
237 1433 340 1495 querito
363 1428 425 1494 plus
448 1429 477 1477 in
500 1441 534 1477 ea
554 1444 609 1479 non
629 1429 774 1494 dignitatis
794 1425 888 1492 niodo,

82 1495 161 1565 quod
171 1501 200 1546 et
208 1491 363 1546 adversarii
377 1492 548 1556 fatebantur,
564 1495 613 1545 sed
623 1495 753 1546 utilitatis
769 1511 889 1564 quoque,

82 1562 210 1631 quam'in
225 1557 365 1613 iniustitia
376 1561 497 1623 inesset,
510 1561 565 1611 nisi
580 1563 686 1624 onmia,
701 1576 772 1628 quae
785 1577 834 1630 pro
849 1563 889 1614 in-

80 1629 194 1682 iustitia
203 1629 259 1679 dici
273 1634 489 1689 consueverant,
505 1635 633 1681 accurate
645 1635 673 1680 et
684 1637 890 1696 exponerentur

82 1707 112 1749 et
131 1694 348 1766 refellerentur,
374 1695 438 1746 Hoc
464 1694 551 1760 igitur
573 1696 613 1747 ita
636 1698 776 1763 praestitit
795 1697 888 1761 Plato,

80 1770 112 1816 ut
128 1761 200 1813 nibil
212 1762 241 1812 in
259 1763 318 1812 eius
334 1775 365 1812 ar
385 1761 490 1813 umenti
505 1765 672 1816 tractatione
686 1763 777 1828 vafre,
796 1772 888 1828 acute,

81 1829 201 1892 callide,
224 1833 288 1896 apte
308 1829 343 1881 ad
365 1777 520 1880 {allenium
540 1831 596 1882 dici
613 1831 715 1898 possit,
740 1833 887 1900 quodipse
938 1891 947 1906 .

80 1896 323 1966 praetermiserit.-
348 1897 387 1947 Ae
401 1895 639 1964 Thrasymachum
654 1899 778 1965 quidem,
797 1906 829 1950 ut
842 1911 887 1951 so·

81 1963 218 2034 phiatam,
228 1963 353 2026 induxit,
362 1964 437 2016 sario
449 1969 522 2016 etex
532 1965 617 2018 arrimi
627 1967 672 2018 sui
684 1967 824 2020 sententia
834 1979 886 2038 pro

109 2093 143 2151 ³)
159 2097 227 2150 Diog.
245 2095 322 2140 Intert-
336 2094 380 2139 ΠΙ.
393 2099 433 2146 45..
447 2101 505 2144 'Bora
514 2103 551 2146 sal
560 2101 801 2160 lpieroovoliwel'yov·

177 2153 222 2194 Καὶ
229 2151 273 2210 'ul‘
281 2149 334 2212 'full
343 2151 417 2208 φοῖβινς
425 2149 460 2212 125⁸
467 2151 556 2212 Ἕὶλιίδμ
565 2153 617 2212 φῦσι
625 2153 740 2206 Πλάτωνα,

178 2205 272 2292 ὅτε
280 2202 637 2303 castrametationes
650 2244 710 2298 a,

147 2336 155 2348 .
199 2289 317 2347 σῴμαιος»,
324 2298 428 2359 anputatae
439 2285 556 2332 ἇύανάτοιο
564 2290 663 2333 Πλάτων.

42 2399 45 2404 ·
84 2338 129 2380 ω
140 2336 422 2471 ωᾶῑὲἱςᾞῒβροῳῒς
433 2383 561 2444 Ἀσκληπιὸν
568 2380 605 2442 ᾗδὲ
613 2383 728 2438 mazara,
765 2393 766 2396 ’

201 2443 214 2469 s
229 2427 287 2477 valo
295 2429 332 2468 loo
340 2437 425 2481 poppe,
437 2444 475 2469 ιον
481 2431 500 2470 δ’
506 2429 542 2470 ἕνα
550 2444 612 2479 aeuo
620 2433 675 2473 aare·

112 2495 146 2549 ··)
160 2489 276 2549 Profiteri
292 2495 384 2549 passive
397 2494 457 2537 rllxit
471 2493 580 2550 exemplo
593 2495 799 2550 ciceronisllpror.
809 2493 842 2538 11.
852 2499 888 2541 21.

84 2551 126 2602 ,tbi
136 2551 170 2594 rie
188 2553 225 2594 est
236 2547 324 2606 fateri.
353 2548 400 2593 Seri
413 2549 454 2592 illo
469 2549 532 2594 loeus
544 2551 585 2594 vix
598 2564 666 2599 mue
679 2553 771 2595 videtur
784 2551 886 2596 criticis.

84 2605 147 2650 vioe
162 2606 277 2650 nokerus
297 2606 326 2649 tle
343 2606 418 2649 Latin.
432 2607 460 2649 C.
474 2619 520 2649 ver.
534 2619 558 2660 p.
572 2610 620 2650 859.
632 2607 754 2651 etllrnert.
766 2605 887 2650 Glaucia

84 2661 116 2706 V.
123 2660 219 2706 Fateor.
247 2660 284 2703 Διι
293 2661 396 2704 lustretur
406 2661 500 2718 scripsit
511 2661 623 2718 patefieri
628 2665 636 2703 l
651 2663 700 2704 lloe
710 2661 799 2714 quidem
808 2661 886 2716 aptio!

86 2722 121 2762 ort
130 2718 266 2766 renuntias,
276 2729 342 2771 quem
352 2715 455 2760 altarum.
475 2713 590 2771 Patefieri
595 2720 684 2772 recepit
693 2715 811 2761 Matthiae.
