2120 3018
129 133 213 224 'ss
280 167 282 172 ·
416 207 419 212 .
477 166 682 240 oasrrov.

176 268 316 324 iniustitia
335 275 518 336 perorantem.
555 269 639 322 Cuius
658 272 752 322 inanis
769 278 933 338 arguments
952 279 983 326 et

90 357 97 381 i
176 337 273 392 futiles
287 336 459 388 ratiunculas
470 351 531 388 eum
545 336 729 403 libramime,
744 339 821 390 nullo
835 353 922 406 prope
933 354 981 390 ne-

17 405 21 412 '
176 407 269 474 gotio,
289 403 456 456 ludibundus
475 401 628 460 refutasset
645 402 788 466 Socrates,
806 403 884 456 iiiam
898 407 981 472 quasi

178 473 366 524 velitationem
377 469 464 525 urulto
475 471 588 536 gravior
601 484 694 536 pugna
704 472 808 538 excipit
821 487 882 522 cum
894 471 979 524 Glau-

176 553 245 591 cone
260 547 288 589 et
302 538 458 588 Adimauto.
494 535 571 596 Quos
585 542 690 598 tanuen,
707 537 773 602 quia
785 539 837 588 viri
850 539 978 604 inprimis

174 605 242 657 boni
261 610 340 656 erant
353 607 382 653 et
400 602 525 653 iustitiae
543 608 681 662 sarantes,
701 605 827 655 statim-a
839 606 977 672 principio

174 673 339 740 profitentes
350 683 382 720 ac
393 674 582 720 contestantes
593 667 675 729 facit,
687 683 721 720 ea
730 685 761 721 se
771 671 910 734 dicturos,
920 685 978 723 nou

175 753 246 806 quae
260 737 396 788 sentirent
408 735 475 802 ipsi,
490 736 540 786 sed
555 750 626 800 quae
641 736 675 784 ab
693 735 756 788 aliis
772 737 827 788 diei
842 738 977 802 solerent,

175 818 301 874 quaeque
311 801 479 869 reprehendi
488 815 521 850 ac
531 801 659 852 convinci
670 810 810 867 cuperent.

209 871 277 920 Cum
290 871 377 935 igitur
393 867 601 919 accuratissime
616 873 644 918 et
658 871 874 935 exquisitissime
888 869 977 924 abeis

175 943 252 990 esset
271 939 402 987 accusata
420 934 530 999 quidem
550 941 578 984 et
592 934 701 986 abiecta
719 937 838 1000 iustitia,
860 937 978 990 defensa

173 1011 267 1056 autem
278 1009 306 1054 et
317 1001 475 1053 collaudata
485 1001 634 1064 iniustitia,
647 1009 678 1052 ut
691 1005 740 1054 vis
748 1018 844 1056 eorum
855 1005 978 1056 orationi

173 1070 270 1122 resisti
296 1083 380 1136 posse
402 1065 556 1118 videretur:
584 1067 675 1120 Deum
697 1070 891 1123 immortalem!
919 1085 976 1137 quo

174 1135 292 1199 robore,
316 1150 370 1202 qua
392 1134 536 1196 firmitate,
562 1151 617 1252 pua
640 1137 722 1202 eopia
740 1146 975 1204 argumentorum,

173 1210 277 1270 quanto
294 1201 429 1253 orationis
444 1201 549 1276 impetu
574 1203 648 1270 regit
664 1217 697 1254 ao
707 1203 851 1270 dissipavit
861 1205 923 1256 illas
934 1205 976 1255 in·

172 1270 297 1323 iustitiae
316 1269 412 1335 copias
428 1267 575 1321 Socratesi
596 1270 650 1331 Qui
668 1270 778 1348 quidem
792 1285 826 1324 eo
841 1286 899 1322 rem
913 1284 975 1336 per·

173 1335 261 1397 duxit,
274 1343 304 1387 ut
315 1342 411 1401 aperte
422 1335 663 1398 demonstraverit,
672 1336 701 1386 rd
731 1338 786 1389 uod
797 1338 880 1390 etiam
890 1337 975 1390 hodie
1052 1341 1053 1350 ’

173 1403 328 1465 nonnullis,
345 1400 502 1454 Christiana
524 1403 662 1471 religione
685 1404 723 1454 im
744 1406 812 1468 utis,
835 1405 882 1456 vix
905 1405 975 1456 satis
1052 1449 1053 1470 2

173 1469 336 1552 persuatieri
347 1476 448 1536 potest,
459 1487 515 1521 non
526 1477 632 1522 tantum
641 1479 755 1538 propter
766 1471 894 1540 praemia,
903 1465 984 1537 quae

173 1545 264 1590 iustos
285 1543 313 1590 et
331 1537 360 1588 in
377 1535 429 1588 hae
447 1539 505 1588 vita
524 1539 692 1590 comitantur
719 1545 748 1590 et
770 1546 836 1604 post
858 1544 978 1590 mortem

172 1611 297 1668 nranent,
318 1617 407 1671 raeque
426 1612 541 1672 propter
559 1620 677 1672 poenas,
698 1619 765 1672 quas
785 1606 881 1657 iniusti
897 1604 975 1656 nullo

162 1671 257 1729 ,moun
272 1669 397 1737 effugere
413 1687 445 1723 ac
459 1673 547 1723 vitare
561 1679 689 1738 possunt,
712 1670 760 1722 sed
777 1674 861 1724 etiam
876 1669 975 1736 siquis
1051 1707 1052 1720 n

173 1737 255 1789 iustis
275 1752 383 1788 omnem
399 1741 584 1804 praemiorum
594 1753 684 1804 spem,
698 1737 809 1788 iniustis
826 1752 933 1790 omnem
947 1742 977 1788 et

173 1803 305 1858 infamiae
317 1812 345 1855 et
356 1805 488 1872 supplicii
499 1811 601 1857 metum
610 1801 747 1866 detrahat,
758 1805 874 1858 infinitis
884 1811 978 1856 taurea

113 1893 122 1908 ·
173 1873 299 1940 partibus
318 1879 474 1938 praestare,
497 1875 526 1924 in
541 1869 736 1935 mendicitate,
758 1871 789 1922 in
809 1871 924 1932 exsilio,
947 1871 978 1922 ia

174 1939 292 2001 mosiis,
305 1940 335 1990 iu
348 1939 494 1991 tormentis
515 1952 547 1987 ac
561 1936 743 2000 cruciatibus,
763 1939 793 1990 in
806 1937 921 1989 infamia
934 1941 975 1988 at-

175 2021 228 2074 que
239 2006 314 2069 odio,
322 2008 350 2060 in
360 2006 479 2074 equuleo
490 2010 572 2068 atque
581 2001 690 2068 ignibus
701 2004 803 2055 iustum
814 2019 885 2066 esse,
894 2015 976 2068 quam

175 2089 237 2125 eum
260 2074 403 2130 *iniustitia
425 2072 518 2121 vivere
540 2070 569 2117 in
592 2071 705 2120 summis
728 2071 826 2135 opibus
849 2075 878 2118 et
901 2069 977 2120 omni

176 2153 270 2193 earum
281 2154 385 2200 rerum,
400 2141 513 2202 propter·
525 2148 593 2200 quas
608 2136 691 2201 vulgo
705 2135 831 2188 tornines
843 2149 859 2181 a
867 2134 977 2186 iustitia

175 2205 345 2268 desciscunt,
360 2203 442 2266 copia
457 2199 701 2252 circumfluentem.
738 2200 761 2250 0
778 2213 832 2248 non
842 2199 978 2264 loquendi

174 2271 294 2334 tanturn)
314 2268 365 2320 sed
383 2274 412 2316 et
430 2265 583 2326 sentiendi,
603 2267 708 2318 exiliis
729 2264 883 2327 veteribus,
905 2281 976 2333 quos
1041 2303 1047 2322 .

174 2340 252 2392 Deus
270 2349 337 2388 vera
352 2333 394 2383 sui
409 2333 570 2398 cognitione
585 2349 640 2384 non
655 2331 807 2394 afflaverat,
826 2333 907 2384 unica
919 2349 975 2384 ma·

176 2409 276 2474 guter,
294 2400 419 2463 Platea),
439 2414 509 2467 quae
531 2415 649 2466 unquam
665 2415 716 2466 par·
731 2400 861 2468 dignitati
876 2415 908 2450 ac
920 2415 975 2451 me-

176 2472 239 2522 ritis
256 2480 445 2534 ergaomnem
460 2466 652 2533 posteritatem
666 2469 722 2521 tuis
741 2468 858 2535 reperiri
873 2467 977 2534 poterit

178 2533 284 2589 oratioi
302 2535 358 2598 Tu,
375 2534 514 2603 quomodo
530 2535 611 2586 animi
623 2536 712 2587 riustri
722 2536 877 2588 anitiorum
888 2533 976 2585 sordi·

95 2685 100 2694 k
202 2637 223 2691 ¹)
241 2636 289 2682 Cic.
304 2641 361 2680 orat.
372 2639 392 2681 3.
403 2635 423 2692 ἑ.
435 2640 467 2680 10.
483 2633 525 2680 ille
538 2650 582 2679 uon
596 2635 742 2691 intelligenti
756 2635 839 2686 nolrrm,
854 2635 893 2679 reu
907 2633 974 2680 etism

176 2691 268 2740 ditandi
277 2695 505 2750 gravissimurauctor
515 2697 539 2740 et
548 2696 663 2749 munster.
673 2691 786 2740 Pistam
798 2693 825 2738 iio
834 2692 887 2738 sin.
899 2694 931 2736 11.
941 2693 975 2736 li·
1041 2687 1048 2755 i
