2150 3012
353 95 508 153 ORATIO
531 92 612 149 xlv,
792 125 800 129 -
829 97 878 152 14¹!

74 216 134 254 mas
146 198 277 252 nationes
292 197 501 248 constituuntur
519 197 686 259 societates,
703 193 821 250 foedera
835 196 876 249 la·
936 248 942 265 ,

75 269 197 330 riuntur3
216 261 428 330 amicitie,quac
443 262 646 314 condimentum
660 263 733 313 vitae
745 268 800 325 est,
821 279 876 330 quo
934 311 935 318 ,

75 333 201 394 sublato,
218 332 277 382 vita
287 329 396 398 quidvis
408 330 502 398 potius
517 345 597 396 quam
610 331 668 379 vita
681 328 778 392 fuerit,
798 330 876 382 nullo

77 401 166 466 magis
177 397 358 458 adminiculo,
378 411 459 465 quam
471 397 575 447 mutuis
591 396 732 462 epistolis,
751 397 876 446 eontine-

10 485 12 488 ·
77 473 131 518 tur.
166 464 264 530 ltaque
276 463 301 513 si
317 462 499 530 epistolarum
510 479 577 513 usos
589 463 781 525 tolleretur*l‚
801 476 874 513 com·
930 511 932 516 ,
965 478 966 489 ’

78 533 211 584 mercium
222 543 330 597 quoque
347 535 375 581 et
387 530 522 581 naturalis
536 529 586 580 illa
599 527 738 580 hominum
750 529 824 578 inter
835 529 876 594 ip-

78 613 127 650 sos
138 597 258 649 societas
269 596 424 648 tolleretur.
461 595 529 648 Sunt
539 597 607 657 ista,
620 595 695 646 dicet
703 595 812 662 aliquis,
824 595 876 646 sed

10 661 15 682 ⁸
78 673 171 717 tamen
182 663 308 731 epistolis
319 677 370 713 sua
379 663 497 730 quisquc
511 665 627 730 negotia
640 663 799 725 committit;
813 675 875 730 gra·

78 747 127 784 ves
138 739 167 782 et
176 730 279 781 arduae
291 729 494 794 disputationes
510 735 538 780 ct
553 729 588 779 ad
602 743 669 796 quas
682 728 875 794 percipiendas

79 799 194 850 doctore
206 811 275 862 opus
285 795 331 857 sit,
345 796 471 860 epistolis
481 795 605 846 mandari
619 811 673 846 non
683 797 784 848 solent.
810 795 875 846 Hoc

80 867 104 918 si
115 863 177 932 quis
188 862 221 914 dc
231 868 293 913 toto
306 876 321 911 e
341 861 485 914 istolarum
494 875 597 928 genere
607 863 700 913 dicere
711 863 821 924 audeat,
829 861 876 912 ab·

79 931 180 998 legabo
192 945 254 981 eum
264 928 301 978 ad
333 929 445 990 latonia,
454 929 596 990 Isocratis,
608 927 730 980 Senecae
741 935 770 980 et
778 929 877 978 talium

80 996 226 1066 epistolas,
241 1007 437 1062 quaerunque,
454 994 583 1061 numquid
596 994 659 1046 illas
670 1009 779 1062 quoque
790 996 824 1047 dc
833 1009 876 1046 ra-
935 1025 938 1032 ι

79 1067 131 1116 bus
141 1063 301 1130 vulgaribus
313 1067 342 1123 et
350 1061 464 1112 cuilibet
474 1062 535 1112 sinc
542 1062 666 1112 doctoris
678 1077 763 1128 opera
771 1062 877 1129 perspi·

80 1132 140 1184 cuis
154 1132 271 1197 scriptas
290 1127 382 1193 putati
400 1127 501 1180 iubebo
522 1129 652 1192 inspiciat
663 1127 752 1190 illam,
774 1141 844 1194 quae
859 1142 877 1178 a

80 1199 215 1251 Cicerone
229 1194 264 1245 ad
276 1194 309 1255 Q.
320 1194 446 1244 Fratrem
463 1195 492 1244 in
501 1195 591 1244 Asiam
607 1195 692 1244 missa
706 1195 806 1259 est**),
822 1208 877 1260 qua
935 1203 939 1206 “

10 1314 12 1320 ,
78 1257 704 1327 rirnoneloquentissimustantum,sedetiam
714 1261 875 1312 tractandae

77 1329 251 1397 reipublicae
259 1327 453 1392 peritissimus,
464 1325 556 1378 omnia
566 1324 725 1391 complexus
737 1331 793 1387 est,
803 1339 875 1392 quae

78 1395 217 1465 praestari
227 1393 330 1444 debent
338 1393 371 1442 ab
381 1393 426 1455 iis,
434 1393 480 1510 ‹ffii
490 1393 599 1460 magnis
607 1391 757 1461 prouinciis
767 1405 874 1443 smnmo

80 1479 144 1516 cum
154 1460 270 1526 imperio
281 1465 418 1537 praesunt
474 1475 516 1512 am
528 1460 581 1510 illo
591 1459 701 1526 quidem
711 1463 873 1526 argumento

79 1532 126 1582 vix
134 1530 163 1579 in
173 1533 229 1578 tam
239 1525 294 1576 lem
304 1539 402 1574 caussa
410 1526 540 1578 utendum
549 1532 628 1592 puto,
643 1525 716 1593 quod
725 1525 891 1614 praecipuast..

78 1595 225 1663 religionis
236 1597 347 1642 nostrae
357 1592 490 1658 mysteria
501 1608 518 1643 a
527 1593 707 1644 sanctissimis
717 1592 774 1643 illis
785 1599 873 1642 aeter·
972 1639 974 1643 s

79 1677 131 1716 nae
145 1660 271 1713 veritatis
284 1658 460 1721 doctoribus,
480 1660 527 1727 qui
541 1659 623 1710 nobis
637 1661 672 1710 ad
686 1657 873 1726 aspiciendam

79 1731 167 1790 riam,
191 1741 245 1793 qua
262 1726 352 1776 iretur
367 1725 397 1775 in
416 1725 536 1788 coelum,
558 1725 646 1776 facem
672 1727 873 1792 praetulerunt,

80 1794 206 1864 epistolis
216 1792 324 1844 inclusa
336 1797 408 1842 sunt.
444 1791 629 1858 Quisquamne
643 1793 684 1842 ita
696 1793 778 1858 impie
788 1798 872 1842 teme..

80 1863 170 1932 rarius
184 1866 241 1923 cst,
260 1865 302 1920 ut,
323 1871 383 1908 oum
396 1857 506 1910 illorum
520 1873 680 1925 procerum,
693 1857 804 1920 Basilii,
818 1857 873 1909 Na·

80 1925 368 1994 sianzeni,sCyp1·iani‚
377 1925 523 1986 Ambrosii,
533 1925 872 1992 Hic1·onymi,rlugustini‚
934 1955 962 1982 t·

82 1995 213 2064 Gregorii
225 2000 253 2044 ct
267 1991 397 2058 similium
410 1993 543 2058 epistolas
557 1993 582 2042 si
595 1991 684 2042 ntinus
696 1991 813 2058 legarit,
826 2006 872 2044 ex·

10 2105 11 2110 η
69 2069 154 2116 ‘stare
164 2068 255 2114 tamen
267 2058 396 2121 audierit,
410 2066 499 2110 totum
515 2058 695 2124 epistolarum
711 2073 798 2174 {enus
809 2071 874 2108 eon·

10 2123 11 2178 ἶ
78 2137 203 2184 temnere
218 2126 333 2178 audenti
348 2127 383 2176 At
394 2125 424 2176 in
436 2124 479 2176 his
489 2125 677 2176 Ciceronianis
688 2125 716 2175 ni
737 2125 759 2175 il
768 2123 874 2176 simile:

80 2198 201 2263 scriptae
212 2195 283 2246 enirn
294 2197 357 2244 sunt
367 2191 401 2242 de
417 2192 499 2244 rebus
508 2191 569 2244 fere
580 2193 740 2244 domesticis
753 2204 786 2241 ac
795 2187 874 2240 lami·

10 2301 11 2306 κ
80 2264 195 2318 liaribus
209 2259 327 2326 simplici
343 2263 372 2310 ct
387 2265 485 2324 sponte
498 2257 561 2310 fuso
579 2257 690 2310 dicendi
704 2271 818 2325 genere,
838 2255 874 2306 ad

79 2331 219 2388 homiaem
227 2343 281 2380 usu
289 2327 445 2380 domestico
458 2332 487 2377 ct
498 2326 596 2378 intima
608 2324 799 2378 familiaritate
808 2336 873 2379 cen-

135 2461 157 2517 ·)
173 2460 232 2510 Quid
244 2463 280 2504 est
289 2458 363 2510 uliud,
379 2457 462 2502 tollere
473 2458 545 2502 evita
557 2459 620 2502 vites
632 2459 776 2507 sacietatem.
788 2450 872 2498 elur·

79 2520 201 2565 micorum
211 2515 326 2572 colloquia
336 2516 476 2560 abundant
491 2513 537 2560 Sic.
548 2516 595 2561 Cis·
604 2513 668 2562 Phil·
678 2519 713 2566 ll,
720 2516 744 2557 b

125 2607 272 2663 nima

608 2661 670 2716 Η
