2140 3010
168 138 175 146 ’
259 117 261 120 ’
316 153 652 210 rnnnrnrrovnr.
774 209 781 226 Ν
837 155 889 208 me

84 263 160 312 clara
177 257 341 312 effectrrrum
358 256 446 310 lusisse
459 257 520 308 sine
534 255 598 306 aliis
612 254 738 322 plurimis
749 257 889 312 ereximis·

84 343 138 394 que
148 321 311 378 virtutibds:
326 327 366 376 ita
375 327 446 391 ipse,
456 323 511 374 nisi
522 323 603 374 ualde
613 323 724 390 iniquus
736 323 785 386 sit,
806 325 889 376 nohis

84 394 403 446 hocconcedutnecesse
414 398 610 457 est,nunquam
620 389 690 442 haec
700 396 756 440 tam
767 389 891 443 feliciter

86 477 102 512 a
113 475 252 528 quoquam
262 460 347 528 dirigi
357 458 560 527 gubernarique
571 457 707 524 potuisse,
719 457 774 522 cui,
787 460 889 510 ceteris

85 528 222 579 sustracto
238 527 323 578 animi
341 527 438 589 bonis,
459 525 583 592 graviter
603 530 755 590 ornateque
777 525 889 576 dicendi

85 595 206 646 facultas
218 592 363 647 defuisset.
398 593 479 644 llane
490 607 544 659 ego
555 590 590 642 ad
601 590 777 654 facultatem,
794 591 890 644 Moee·

86 661 223 721 nicenus
235 666 453 712 commonstrare
464 673 552 710 conor
561 659 605 720 iis,
613 659 712 726 quibus
722 659 753 709 in·
761 656 814 710 hac
821 659 890 712 urbe

88 729 167 781 cordi
177 733 241 780 sunt
251 726 430 781 honestarum
439 726 541 776 artium
552 727 663 777 studia.»
688 724 758 778 Nam
769 726 823 778 etsi
834 741 892 778 non

86 797 197 848 sumita
211 795 322 846 nescius
338 794 406 855 mei,
421 800 452 844 ut
462 792 639 858 eloquentem
651 807 714 846 esse
727 807 771 844 me
787 800 890 861 putem,

87 872 192 924 tanuen,
209 861 284 930 quud
298 875 314 910 a
327 862 417 928 prima
426 865 519 911 aetate
530 859 593 910 dedi
605 875 648 912 me
659 860 786 912 studiose
798 860 833 911 ad
845 874 892 911 ex·

88 930 282 981 oscitationem
297 927 421 990 dicendi,
441 934 470 980 et
484 940 660 994 magnacum
681 942 748 979 cura
764 927 891 996 pervolu-
929 972 931 981 .

88 998 146 1049 tavi
156 1011 251 1048 eorum
264 995 379 1062 scripte,
394 995 443 1063 qui
453 1001 501 1046 aut
511 994 610 1045 diserti
620 993 708 1046 fuisse
719 994 891 1056 ferebantur,
929 984 932 1000 '

88 1073 136 1116 aut
150 1078 184 1116 ea
197 1069 347 1131 praecepta
360 1063 439 1114 libris
454 1063 514 1126 suis
534 1062 674 1128 complexi
694 1076 779 1125 esse,
791 1063 892 1129 quibus

89 1131 224 1184 orationis
235 1131 316 1197 eopia
324 1134 479 1194 pararetur,
488 1127 589 1178 videor
597 1129 692 1192 posse,
700 1130 774 1194 quoi
795 1141 894 1180 senon

89 1198 274 1267 pervenerim,
288 1194 480 1256 nihilominus,
495 1207 530 1244 eo
546 1207 600 1258 qua
612 1196 762 1257 pervenies
786 1211 830 1246 um
845 1196 891 1258 sit,

8 1313 9 1326 ,
89 1263 281 1332 aliquomodo
297 1260 430 1312 indicare.
468 1259 551 1311 Certe
567 1258 679 1325 quidem
698 1257 798 1312 sedulo
813 1275 893 1326 prae.

89 1339 151 1392 sto,
163 1328 237 1396 quod
247 1341 374 1395 possum,
392 1333 422 1380 et
431 1326 507 1394 quod
516 1324 585 1377 mihi
593 1332 708 1378 senatus
723 1327 893 1378 auctoritate

7 1427 12 1466 1,
89 1411 189 1450 mutnus
199 1396 353 1446 iniunctum
362 1401 417 1458 est,
431 1395 459 1446 el
467 1401 500 1448 ut
509 1407 543 1445 ne
554 1393 652 1456 desim,
665 1392 771 1445 uiribus
783 1393 894 1459 opibus·

7 1469 9 1510 f
91 1479 145 1533 que
157 1463 284 1516 omnibus
298 1461 423 1514 elaboro.
460 1461 598 1523 Quoniam
610 1467 702 1528 autem
715 1459 794 1512 multi
810 1471 895 1526 saepe

7 1557 8 1586 r
91 1535 133 1583 ita
146 1545 253 1583 meeum
267 1537 387 1596 egerunt
402 1529 527 1596 primarii
546 1527 686 1592 homines,
708 1533 738 1578 ut
759 1526 896 1589 dicerent,

7 1611 8 1618 ³
91 1614 123 1652 se
137 1598 254 1664 cupidos
268 1597 381 1664 quidem
398 1611 461 1648 esse
476 1595 666 1662 cognoscendi
678 1609 723 1658 ea,
739 1607 809 1662 quae
825 1605 895 1644 arne

91 1665 263 1727 dicerentur,
279 1664 351 1727 sed,
358 1678 393 1716 ne
404 1664 492 1716 adme
503 1669 560 1716 mm
569 1677 668 1729 saepe,
689 1677 770 1728 quam
781 1659 896 1722 vellent,

90 1732 271 1793 ventitarent,
287 1732 410 1798 negotiis
419 1730 564 1797 impediri,
575 1731 599 1780 si
609 1729 750 1781 subsecivi
761 1729 896 1794 temporis

91 1799 198 1866 aliquid
207 1813 345 1850 sumerem
356 1799 392 1852 ad
402 1813 437 1850 ee
446 1799 517 1864 ipsa,
529 1811 600 1864 quae
627 1796 733 1852 uotidic
744 1794 896 1858 traderem,

90 1865 247 1919 mandanda
261 1865 380 1928 litteris,
401 1872 510 1933 gratum
525 1865 593 1916 idm
626 1863 663 1914 tis
674 1869 758 1930 atque
770 1868 896 1928 optatum

90 1935 167 1986 fure:
187 1946 293 1984 murem
302 1931 360 1984 illis
372 1931 424 1984 hac
435 1945 545 1999 quoque
555 1932 585 1982 in
599 1937 678 1997 parte
695 1944 795 1997 gerere
807 1929 894 1990 volui,

91 2007 121 2052 et
134 2001 170 2052 ad
182 2015 260 2052 meos
273 2001 409 2068 pristinos
422 2000 535 2052 labores
549 1996 603 2050 hoc
623 2012 734 2114 puoque
754 1995 897 2052 scribendi

88 2083 163 2119 onus
172 2069 273 2121 adieci.
308 2067 391 2130 Quod
400 2070 505 2120 utinum
514 2072 572 2124 ,tam
583 2065 622 2116 uti
638 2079 652 2116 e
667 2065 705 2116 sit
717 2063 795 2128 aliis,
814 2079 897 2132 quam

92 2149 110 2185 a
122 2147 179 2196 me,
198 2137 260 2188 solo
277 2135 450 2203 obsequendi
465 2134 562 2186 enticis
581 2131 737 2196 desiderio,
758 2131 818 2184 sine
837 2131 898 2182 ulla

7 2205 9 2230 ³
92 2201 244 2254 ambitione
255 2210 414 2270 susceptum
426 2207 478 2254 est.
504 2201 675 2268 Quamquam
686 2201 760 2252 enim
769 2214 825 2250 nou
835 2213 897 2249 eam

91 2281 135 2320 me
146 2269 311 2334 sapientium
320 2276 579 2335 consecutumprae
588 2282 633 2320 me
646 2267 722 2331 fero,
735 2273 767 2318 ut
776 2267 914 2336 gloriam‘

7 2337 8 2344 ’
92 2347 233 2402 spernam,
249 2341 341 2388 tamen
357 2351 391 2388 ea
405 2335 510 2390 uostris
520 2343 576 2387 tem
598 2335 693 2386 oribus
705 2334 841 2402 copiaest
851 2331 897 2382 vel

93 2401 263 2454 eruditurum
275 2401 429 2466 hominum,
441 2397 570 2469 quimeis
578 2351 729 2457 feminibus
741 2401 896 2459 obstruant,

85 2467 139 2518 uel
148 2467 329 2532 malevorum,
340 2472 386 2538 qui
398 2484 507 2522 onrnem
517 2469 616 2522 iudicii
625 2467 735 2522 laudem
750 2470 779 2519 in
790 2467 897 2532 vitupe-

84 2534 187 2592 ranem
198 2533 261 2584 ullis
274 2541 394 2602 positam
403 2542 518 2603 putent,
532 2543 564 2588 ut
574 2535 749 2588 iudicaturus
760 2536 826 2596 sim,
840 2546 902 2583 mem

84 2617 154 2654 eum
168 2600 310 2670 praeclare
329 2611 433 2666 aetum,
453 2606 478 2654 si
492 2604 532 2654 ita
546 2616 656 2654 ceream
672 2599 780 2668 gloriae
793 2599 895 2659 fructu,

91 2681 122 2722 ut
131 2683 167 2721 ne
179 2665 513 2737 obueceammmquidem
524 2669 639 2722 aculeos
649 2668 788 2738 sentiam..
806 2665 899 2729 Nunc,
