2150 3012
400 120 554 176 oanrro
573 120 609 178 ia
863 129 898 182 su
988 194 998 202 κ

94 229 120 281 si
131 227 196 298 quis
210 224 295 278 hodie
307 223 341 274 de
352 221 470 274 Romulo
480 229 509 274 et
517 218 604 275 Remo
614 221 727 297 sorihat,
738 223 896 292 hatehimur,

61 307 77 342 .·
95 311 158 347 eum
169 293 319 344 historiam
330 289 464 352 seribere3
475 291 499 340 si
510 290 544 341 de
553 289 636 342 bellis
646 292 718 349 inter
726 293 855 346 Catulum
861 295 895 346 V.
955 331 957 338 -

93 369 122 414 et
137 359 321 411 Franciseum
332 356 352 407 1.
367 357 467 436 gestis,
487 357 661 426 negabimus,
681 360 810 425 quoniam
826 359 895 412 haee
962 383 967 389 ·

93 427 220 478 nondum
240 425 274 475 ab
293 427 393 474 aetatis
411 428 525 474 nostrae
543 425 677 476 memoria
695 432 804 477 remota
817 432 893 490 sunt3

41 494 43 497 ’
93 500 142 544 aut
156 497 237 544 certe
248 487 518 551 dicemus,nondum
532 487 666 542 historias
681 505 756 555 esse,
771 498 836 544 tune
848 493 894 544 de·
927 549 932 560 J

30 615 36 622 ,
92 571 169 610 mum
180 557 259 620 iore,
275 571 349 618 cunr,
361 557 410 622 qui
420 569 514 606 earum
524 569 615 627 rerum
628 559 796 622 meminerit,
812 571 894 611 nemo

17 653 18 656 =
94 625 217 690 amplius
227 623 390 689 reperietur.
427 621 584 682 Quomodo
599 623 660 686 flet,
673 630 704 676 ut
713 627 773 690 ipse
784 627 895 692 quidem

49 716 50 719 ¹
93 689 181 742 hodie
195 689 343 742 historiam
354 701 411 739 non
426 689 542 751 scribat,
558 690 605 754 qui
617 696 709 742 autem
722 689 822 742 abhinc
832 705 895 745 cen·
927 744 931 758 ,

92 767 153 808 tuni
177 759 260 808 annis
284 755 389 820 scripta
410 755 470 806 eius
490 755 599 822 legent,
627 755 771 808 historiam
790 759 894 826 legant.
940 785 945 791 ·

93 823 194 890 Neque
204 821 386 889 Thucydides
396 819 448 885 hae
462 823 571 893 ratione
582 819 725 876 historiam
735 825 893 890 scripserit3

92 903 186 957 neque
205 887 367 954 Xenophon¹
380 888 409 938 in
426 887 505 938 libris
523 889 676 940 anabaseos
702 891 797 942 autin
814 890 894 943 libris

58 992 61 996 -
92 971 188 1008 rerum
204 955 387 1016 Graecarum
407 967 498 1020 neque
510 953 672 1018 Sallustius,
692 971 753 1007 oum
768 958 895 1008 coniura-

93 1024 201 1081 tionem
214 1022 352 1072 Catilinae
367 1023 415 1070 aut
429 1034 490 1070 eum
504 1020 608 1072 bellum
622 1021 812 1090 iugurthinum
827 1025 894 1076 seri·

93 1088 183 1142 beret.
220 1087 319 1140 Livius
333 1099 443 1152 quoque
458 1101 538 1152 qoam
551 1088 599 1138 diu
612 1096 721 1140 vetusta
731 1097 901 1155 persecutus-

95 1153 151 1217 e'st,
164 1155 313 1213 historiam
323 1153 469 1218 seripiisse
481 1153 600 1216 dicetur3
611 1161 640 1205 at
650 1157 796 1222 postremis
806 1156 894 1218 libris,

95 1223 196 1287 quibus
214 1220 376 1287 complexus
390 1225 451 1268 erat
467 1220 591 1269 ressais
604 1222 775 1287 temporibus
791 1229 894 1338 zaetas,

95 1285 245 1340 historiam
257 1286 388 1338 videlicet
397 1285 520 1335 desierat
529 1285 660 1337 seribere.
697 1286 752 1338 Sed
761 1301 797 1338 no
811 1289 895 1355 opiu-

97 1353 173 1405 ribus
187 1354 282 1406 verbis
298 1351 439 1419 exagitare
455 1356 510 1402 tam
525 1349 630 1402 fatuam
644 1353 844 1404 definitionem:
859 1368 894 1404 ne

96 1424 269 1472 mentionem
285 1419 394 1486 quidem
408 1416 484 1468 iliius
502 1417 587 1468 uliam
605 1417 748 1481 iecissem,
769 1421 823 1470 nisi
843 1421 896 1470 soi·

17 1509 19 1514 v
96 1499 169 1552 rem,
191 1503 253 1538 eam
275 1487 359 1536 etiam
373 1483 456 1536 hodie
472 1483 634 1536 defensores
650 1483 761 1538 habere.
796 1484 895 1552 Longe

98 1553 181 1604 aliter
196 1553 355 1606 sentiebant
364 1549 474 1618 quidam
484 1549 550 1601 olim
560 1551 662 1602 eruditi
672 1550 812 1613 homines,
826 1565 895 1618 quos

97 1617 216 1672 Verrius
234 1619 352 1670 Flaccus
370 1615 458 1669 refert
475 1622 601 1682 putasse,
621 1615 766 1670 historiam
783 1619 895 1685 proprie

99 1685 156 1737 diei
172 1687 361 1739 narrationem
378 1699 470 1735 earum
485 1698 590 1747 rerum,
604 1686 703 1756 quibus
718 1684 896 1752 garandiam,

101 1753 148 1817 qui
158 1768 206 1808 eas
217 1758 358 1814 narraret,
371 1750 582 1816 interfuisset*).
619 1752 696 1814 Quos
708 1752 831 1819 quamvis
841 1765 897 1802 non

43 1841 45 1848 ·
101 1831 221 1886 sequor,
239 1833 373 1885 —neque
388 1818 461 1870 euim
476 1819 607 1884 pauciora
621 1819 897 1870 autleviorainoom·

62 1907 66 1914 ·
101 1883 897 1954 modahancquamillamdefinitionemsequuntua-to·

87 1949 292 2005 .lerabiliorem
308 1952 399 2002 tamen
413 1951 525 2001 illorum
544 1967 667 2003 errorem
688 1966 750 2003 esse
768 1953 897 2003 arbitror.

55 2034 57 2042 ·
106 2015 251 2078 Quomodo
262 2019 350 2086 igitur
360 2017 503 2069 historiam
515 2018 693 2072 definiemus?
710 2019 815 2070 iniuste
826 2019 898 2069 enim

105 2085 393 2149 reprehendentem,
405 2085 453 2150 qui
461 2084 578 2136 meliora
588 2097 644 2136 non
653 2085 768 2152 profert.
802 2083 898 2136 iiiito»
938 2145 942 2152 f

105 2148 163 2200 riae
174 2167 289 2214 nomen,
301 2151 456 2212 auditores,
468 2166 522 2202 non
531 2156 637 2202 tantum
647 2167 738 2202 rerum
749 2157 898 2218 gestarum,

107 2215 155 2264 red
169 2218 468 2286 quarumlibetrerum'
484 2219 670 2270 narrationem
685 2218 900 2284 expositionem·

108 2293 158 2356 oue
178 2285 324 2352 significat.
361 2283 407 2336 Sic
427 2284 592 2335 Aristoteles
611 2297 660 2335 eos
681 2285 782 2347 libror,
801 2283 900 2350 quibos

106 2351 218 2414 ingenia
228 2357 378 2402 etnaturas
388 2351 544 2402 animalium
574 2349 900 2410 erse'eutusest‚vooavit

108 2407 250 2469 historiam
266 2418 438 2479 animalium3
465 2417 506 2468 sie
526 2365 734 2484 Theophrastus
754 2415 899 2466 historiam

110 2479 244 2556 stirpiun13
256 2485 297 2536 sie
307 2483 425 2552 denique
436 2481 579 2537 G.Plinius
590 2483 679 2538 libros
689 2493 755 2535 suos
765 2479 900 2554 naturalis

137 2619 157 2674 ')
165 2618 235 2664 «udi.
243 2619 274 2666 N.
284 2621 311 2666 Δ.
322 2621 349 2666 V.
361 2625 394 2666 la.
