2150 3012
190 135 241 190 111
447 105 599 183 onn'rro
623 129 722 186 xvir.

187 242 239 294 ant
247 235 408 301 cuiusquam
422 233 551 283 enostris
563 231 682 283 studium
696 236 726 284 et
737 231 910 300 diligentiam
920 249 976 291 onia
1058 233 1059 274 7

186 303 240 356 illa
249 309 372 364 veterum
382 297 519 371 pertinaci
530 304 558 349 et
570 298 706 351 indomita
716 299 842 352 discendi
851 297 976 368 cupidita·

186 379 217 423 11
228 368 418 421 contenderet.
442 363 510 416 illos
520 365 649 416 incensos
660 371 689 416 et
697 364 880 418 inflammatos
890 383 976 423 amore

188 437 342 497 doctrinae,
353 431 480 484 omnibus
491 431 545 482 sibi
555 431 618 482 aliis
631 430 817 500 voluptatibus
827 434 978 487 interdixis-

188 519 230 568 se,
239 503 282 554 rei
291 499 436 553 familiaris
448 511 540 548 curam
550 497 695 559 abiecisse,
709 499 785 560 cibo,
800 505 877 566 potu,
887 515 978 560 somno

188 569 350 636 saepissime
363 564 544 626 abstinuisse,
558 577 638 614 omne
654 564 707 614 sibi
720 570 827 632 tempus
842 569 979 633 perirem-

187 642 243 698 tos,
255 633 329 702 quod
339 645 393 682 non
403 631 432 681 in
442 629 535 680 studio
547 635 706 696 poneretur,
720 645 776 682 non
786 633 870 684 modo
880 635 979 690 valetu-

188 702 261 754 dinis
278 697 438 766 dispendio,
452 697 502 748 sed
515 695 602 762 ipsius
616 697 689 746 vitae
707 698 831 762 periculo
841 700 916 754 ,bene
928 703 980 753 emi

187 773 331 836 putantes,
351 763 425 832 quod
440 768 497 813 tam
515 762 686 826 ferventem)
707 763 889 817 adamassent.
924 767 980 820 Nos

188 835 264 902 quod
282 846 393 894 somno,
417 831 492 896 quod
510 828 712 896 voluptatibus,
741 831 815 896 quod
840 833 980 896 avaritiae,

188 900 264 968 quod
273 894 416 949 ambitioni
427 896 708 962 temporissuperest,
722 896 891 949 collocamus
900 899 928 949 in
938 899 982 952 lit·

187 965 269 1029 teris3
284 971 383 1016 etcum
394 963 502 1031 quidvis
512 963 605 1029 potius
617 977 740 1028 agamus,
749 963 888 1025 miramur,
898 965 982 1046 impe

187 1047 234 1084 res
245 1045 306 1082 esse
317 1046 368 1082 nos
377 1030 428 1093 iis,
444 1029 491 1096 qni
504 1026 558 1080 hoc
572 1044 653 1078 unum
668 1028 796 1095 agebant.
829 1031 982 1085 Memoriae

187 1098 328 1166 proditum
343 1103 399 1160 est,
417 1111 478 1147 cum
491 1093 609 1162 populns
621 1093 803 1166 Atheniensis
811 1095 925 1148 decreto
938 1113 983 1150 ca-

188 1166 286 1228 visset,
300 1173 373 1217 11101
390 1165 429 1214 ite
440 1162 542 1222 lueret,
558 1161 581 1212 si
592 1161 653 1227 quis
661 1161 837 1228 Megarensis
846 1164 944 1230 pedem
953 1165 984 1218 in

188 1233 258 1284 Astu
264 1234 302 1296 “J
313 1179 465 1290 intuiisset,
477 1227 634 1288 Euclidem,
649 1228 695 1294 qui
709 1229 832 1280 indidem
844 1236 918 1295 erat,
933 1231 984 1284 So·

190 1305 349 1364 etatemque
365 1303 428 1348 ante
447 1295 476 1345 id
490 1295 631 1345 decretum
649 1294 745 1346 audire
759 1304 903 1364 coeperat,
922 1312 986 1350 curn

191 1366 363 1418 sermonibus
373 1363 449 1414 illius
460 1373 555 1410 carere
567 1359 668 1424 nollet,
681 1362 818 1428 quotidie,
832 1379 893 1415 eum
902 1363 985 1417 adre-

189 1436 376 1500 sperasceret,
390 1428 484 1479 tunica
493 1426 577 1493 longa
586 1425 714 1478 muliebri
727 1428 851 1481 indutum
862 1437 890 1482 et
899 1431 988 1482 versi·

190 1500 287 1552 colore
297 1497 383 1563 pallio
397 1494 537 1554 amictum,
554 1493 643 1558 capita
654 1499 736 1562 atque
749 1509 798 1547 ore
807 1497 912 1559 velato,
926 1498 988 1550 Me-

190 1568 268 1632 garis
278 1561 399 1624 Athenas
413 1557 447 1610 ad
458 1557 601 1610 Socratem
616 1572 770 1612 commeare
790 1568 818 1614 et
831 1564 881 1615 snb
894 1563 990 1616 lucem

190 1632 289 1683 eodem
302 1633 400 1679 ornatu
410 1626 444 1676 ad
455 1640 520 1676 suos
530 1625 622 1676 redire
633 1626 811 1694 solitum***).
844 1630 928 1682 Tanti
938 1645 991 1698 pu-

188 1697 267 1748 tabat
285 1692 505 1744 studiosissimus
522 1691 699 1758 adolescens,
716 1695 809 1762 aliqua
823 1698 922 1748 saltem
937 1711 991 1748 no-

189 1763 241 1812 otr's
249 1768 326 1826 parte
334 1757 477 1811 Socratem
484 1759 590 1822 audire,
597 1765 628 1810 ut
637 1767 671 1811 ea
679 1760 713 1812 de
724 1775 823 1814 caussa
830 1769 858 1815 et
866 1764 992 1831 singulis

189 1827 317 1880 noctibus
331 1824 448 1892 amplius
462 1825 645 1895 quadraginta
656 1827 745 1879 millia
756 1844 886 1894 passuum
901 1823 993 1882 eonii-

188 1907 253 1944 cere
267 1898 296 1942 et
308 1893 393 1943 vitam
405 1908 483 1944 suam
496 1896 525 1946 in
539 1899 663 1962 apertum
682 1894 830 1947 discrimen
844 1911 993 1964 exponere

188 1973 245 2010 non
254 1966 405 2012 vereretur.
431 1960 532 2013 Mirum
542 1975 596 2011 non
607 1965 659 2021 est,
669 1965 747 2010 tanto
757 1976 808 2012 nos
819 1963 860 2013 eis
869 1962 994 2016 inferio·
1057 1975 1058 2002 l

187 2039 234 2076 res
248 2039 310 2078 esse
324 2027 464 2090 doctrina,
485 2031 586 2092 quanto
605 2025 749 2075 doctrinae
763 2039 857 2076 amore
869 2028 996 2082 inferio·
1056 2043 1058 2060 *

187 2103 234 2142 res
245 2108 346 2146 sumus.
383 2093 438 2146 Sed
450 2093 484 2143 de
501 2091 631 2156 neglectu
644 2089 778 2140 bonarum
792 2091 891 2144 artium
907 2101 939 2144 et
954 2096 997 2150 da

186 2157 238 2209 illo
249 2161 327 2226 quasi
341 2165 456 2224 torpore
471 2171 503 2206 ac
517 2161 644 2214 veterno,
661 2157 706 2221 qui
720 2153 894 2221 iampridem
909 2159 998 2214 iuve-

186 2241 251 2277 num
262 2234 419 2279 nostrorum
429 2223 535 2273 animos
547 2223 739 2286 occupantes
750 2220 902 2290 dixisaepe
914 2227 997 2283 alias

91 2329 96 2334 -
179 2297 217 2343 'et
230 2284 352 2341 dicturus
366 2303 437 2351 sum;
459 2287 482 2337 si
497 2287 571 2337 forte
590 2286 708 2339 dicendo
728 2297 945 2345 eumexcutere
958 2303 998 2349 et

187 2356 297 2420 aliquos
307 2368 414 2417 eorum,
430 2353 475 2421 qui
485 2367 528 2405 me
542 2347 668 2419 audient,
682 2356 805 2410 excitare
819 2357 855 2409 ad
864 2359 995 2428 vigilan·

180 2461 566 2578 mpppppppitpffim
579 2467 681 2514 111111.
693 2475 715 2518 u
729 2470 750 2526 1.
761 2453 782 2520 a
793 2473 823 2542 11
837 2473 996 2522 amusan·

235 2573 277 2692 -tl
292 2573 898 2686 orannrnmeunm
