2150 3012
178 231 180 240 ¹
258 243 262 248 .
380 169 652 226 carrioxvu.
725 175 730 178 ·
866 156 916 228 isa

112 279 181 332 tiam
190 275 306 343 possim.
341 273 463 326 Alteram
473 287 600 326 caussam
611 273 832 338 essedicebsnt,
845 289 916 346 qnae

112 343 258 413 profectus
272 345 385 393 nostros
402 341 562 410 impediret,
584 341 658 408 quod
670 342 759 393 multo
775 342 917 398 duriores

108 410 257 472 difficilior
270 413 346 458 esset
359 413 456 459 nostra
469 423 550 476 quam
564 415 689 460 veterum
702 407 836 460 conditio.
871 409 919 460 llll

114 479 190 529 enim
200 489 262 528 eum
272 489 439 538 sermonem,
454 491 508 543 quo
519 477 548 528 in
559 474 698 527 discendis
708 476 861 540 tractandis
882 489 917 528 ue

114 543 198 596 bonis
209 542 315 593 artibus
325 542 403 600 usuri
415 548 518 603 essent,
533 557 550 592 a
558 542 712 594 nutricibus
723 557 785 594 cum
793 543 866 593 lacte
895 543 917 593 i·

113 609 231 675 bebant,
245 608 374 675 apopulo
386 609 598 678 conducebant,
612 623 702 676 neque
713 607 917 660 autrlthcnien·
957 645 961 650 -

115 676 207 739 sibus,
221 682 252 727 ut
260 676 364 738 Attice,
380 681 427 726 aut
436 674 581 738 Romanis,
596 682 627 726 nt
637 675 917 742 Romaneloquereu·

113 749 173 806 tur,
187 741 354 803 sudandum,
373 755 463 808 neque
482 748 530 793 aut
548 741 712 793 consulendi
728 743 855 810 magistri
869 749 918 793 aut

114 809 183 862 libri
191 807 386 926 pervolutandi
402 814 492 872 erant3
512 820 529 858 a
535 810 646 926 politis,
664 823 781 876 quorum
795 808 917 861 lectione
997 863 998 866 ,

115 877 196 945 pueri
209 877 233 926 is
244 882 322 927 aetas
334 874 534 926 oblectarieta
563 874 760 926 humanitatem
770 875 919 927 informari

115 943 235 1005 solebat,
244 948 273 994 et
281 942 310 993 in
321 940 419 1009 quibus
428 943 645 1010 interpretandis
656 942 760 994 nullum
770 941 831 993 fere
841 942 921 994 aliud

116 1007 368 1062 Grammaticorum
379 1024 477 1060 nrunus
490 1015 562 1074 erat,
572 1009 659 1076 'quam
669 1016 700 1061 ut
710 1009 820 1061 fabulas
830 1009 918 1077 expli·

26 1121 31 1124 .
115 1083 212 1129 carent
222 1082 249 1127 et
260 1076 376 1142 aliquas,
388 1077 413 1127 si
423 1075 507 1139 forte,
517 1077 680 1144 peregrinas
690 1090 785 1139 voces,
796 1091 864 1193 {¹¹³⁸
873 1077 919 1128 ilii

114 1143 226 1212 glossas
240 1143 390 1204 vocabant,
411 1147 440 1193 et
453 1143 592 1194 interdum
608 1157 712 1210 genera
726 1155 796 1210 quae
818 1157 862 1194 am
876 1143 918 1196 di·

113 1210 197 1262 cendi
207 1209 378 1261 abstrusiora
388 1215 417 1261 et
427 1223 443 1260 a
453 1209 560 1276 vulgari
571 1210 704 1288 loquendi
715 1208 916 1262 consuetudine

112 1275 268 1328 remotiora
279 1275 447 1328 indicarentz
468 1275 503 1326 ab
517 1277 673 1342 eisigrtur,
708 1281 773 1327 rout
782 1277 916 1356 cuiusque

112 1343 257 1411 ingenium
271 1349 320 1394 aut
328 1343 457 1394 voluntas
470 1335 591 1404 ferebat,
605 1347 654 1394 aut
666 1290 844 1408 agpoliticns
856 1357 916 1394 srve

111 1409 244 1464 rhetores
255 1409 476 1474 deducebantur;
496 1415 545 1460 aut
557 1409 659 1474 imbuti
674 1409 751 1476 prius
766 1406 916 1470 mathema·

113 1478 178 1530 ticis
193 1476 361 1544 disciplinis,
381 1477 415 1527 ad
431 1476 595 1528 dialecticos
613 1483 641 1527 et
655 1475 689 1527 ad
702 1473 836 1542 physicos
851 1488 915 1527 sese

112 1543 299 1612 applicabant,
309 1549 338 1594 et
347 1543 493 1595 verborum
503 1557 570 1594 cura
578 1541 661 1594 liberi
674 1557 707 1594 ae
717 1541 812 1604 soluti,
823 1541 858 1592 ad
868 1545 917 1594 r'es‘

111 1611 197 1666 modo
206 1611 283 1676 ipsas
297 1609 494 1677 intelligendas
508 1623 542 1660 ac
575 1607 861 1662 ervidendas¹omnem
873 1609 915 1659 in·

112 1678 248 1729 dustriam
258 1691 290 1726 ac
307 1676 481 1746 diligentiam
495 1627 684 1744 corrssrebant.
716 1675 772 1736 oui
782 1673 914 1742 eloquen-

111 1746 181 1796 tiam
191 1742 363 1806 ademerant,
377 1745 413 1795 iis
423 1741 543 1806 theatra,
557 1745 593 1796 iis
606 1743 710 1808 forum,
725 1743 761 1794 iis
775 1743 853 1794 curia
861 1755 913 1809 pro

112 1809 224 1874 schola';
245 1811 292 1876 qui
306 1825 419 1861 caussas
439 1811 544 1862 diserte
563 1811 695 1878 agebant,
714 1809 762 1888 qui
778 1808 813 1862 ad
827 1823 914 1876 popu-

111 1879 169 1934 lum
179 1876 265 1928 verba
274 1875 429 1941 faciebant,
444 1878 492 1944 qui
504 1877 671 1929 sententiam
686 1873 719 1928 de
731 1875 852 1942 publicis
866 1889 913 1926 ue·

112 1943 199 2012 gotiis
210 1942 351 2005 dicebant,
367 1957 418 2010 pro
432 1945 574 2012 magistris
585 1949 675 2008 erano
693 1939 777 1995 mum
791 1943 915 2010 aliquem

111 2026 149 2062 ex
159 2011 200 2061 eis
211 2009 384 2076 deligebant,
395 2025 476 2078 quem
486 2011 623 2072 colerent,
639 2025 722 2078 quem
730 2014 914 2072 sectarentur,

98 2078 192 2130 'cuius
204 2074 239 2127 ad
254 2077 408 2144 exemplum
421 2092 452 2129 se
466 2076 684 2140 conformarent,
702 2077 781 2130 cuius
797 2089 914 2128 consue·

110 2143 207 2198 tudine
228 2146 256 2194 et
275 2142 439 2195 disertiores
458 2143 562 2212 tierentx
576 2151 605 2208 et
623 2144 818 2212 sapientiores.
853 2140 914 2194 Nes

109 2225 167 2262 non
176 2224 268 2272 unam,
283 2211 333 2262 'sed
344 2211 412 2264 duas
422 2201 584 2278 peregrinas
595 2211 705 2292 linguas
717 2211 825 2261 discere
836 2207 914 2274 cogi·

109 2291 180 2339 mur,
191 2289 281 2344 neque
291 2278 453 2348 peregrinas
463 2277 683 2341 modo,sed'ram
691 2275 799 2344 pridem
810 2275 914 2326 exstin-

111 2353 171 2396 ctas
201 2344 389 2399 uodanmouo
398 2359 432 2396 ac
441 2343 574 2410 sepultas.
607 2343 679 2396 Nam
695 2345 720 2394 si
730 2339 913 2409 eliquamus,
1007 2349 1014 2356 ’

110 2415 159 2462 aut
204 2411 267 2478 'qua
280 2418 447 2477 gens-esset,
461 2411 557 2478 inqua
570 2411 654 2476 rulgc
665 2408 792 2460 homines
804 2399 913 2458 (ir-dece

108 2475 246 2529 Latinave
255 2477 445 2543 loquerentur,
453 2479 670 2528 mitteremisso
678 2487 782 2542 pueros
789 2478 912 2533 nosnos,

107 2551 149 2605 ut,
159 2559 221 2596 cum
231 2558 249 2595 a
258 2545 364 2596 teneris
373 2544 565 2614 unguiculis&
573 2545 709 2596 stratonis
718 2553 799 2592 usum
809 2536 913 2592 combi-

166 2682 189 2741 ·)
203 2683 252 2732 cle.
262 2685 292 2731 etl
301 2683 365 2733 Rara.
380 2689 401 2732 l.
410 2687 430 2732 d.
448 2683 495 2734 see
505 2663 598 2745 praesa
607 2687 631 2732 ts
641 2695 698 2737 sum,
713 2665 818 2739 qul'nllu
828 2691 844 2726 a
854 2685 913 2726 tete
