2150 3012
194 173 243 225 ue
392 189 397 192 ·
441 125 597 223 ounnro
625 167 768 249 xuni·

192 279 275 340 atque
298 272 493 325 auctoritatem
517 271 697 338 eonrparavit.
744 270 887 332 Quaenam
908 273 989 344 igitur

191 341 328 391 orationis
342 353 421 394 meae
435 339 529 390 futura
543 338 660 388 materia
673 335 733 388 esti
753 339 852 404 quibus
867 338 989 394 derebus

133 447 134 450 ,
191 408 287 458 diceus
297 405 369 457 hunc
381 405 619 456 ornatissimorum
628 405 750 454 virorum
762 410 845 472 atque
861 404 929 458 banc
942 407 990 460 bo-

190 474 413 526 nestissimorum
423 473 552 522 iuuenum
564 483 709 533 eoronam,
725 485 805 536 quam
819 485 854 522 ex
869 487 917 524 ore
929 489 988 527 meo

140 551 144 564 ⁴
189 539 459 608 pendentemvideo,
478 537 636 588 demulcere
648 537 806 598 etdelinire
816 539 952 592 conabor?
1048 545 1049 568 ³

208 603 211 609 ”
224 607 367 674 Exponam
381 605 505 655 breviter
518 618 551 654 ac
562 605 723 669 perspicue,
741 618 758 653 a
771 607 942 669 carceribus,
961 614 990 658 ut
1048 619 1049 624 ’

191 672 303 734 dicitur,
317 671 353 722 ad
364 671 468 720 calcem
474 673 509 734 *),
525 670 560 732 ei,
576 670 624 738 qui
634 669 721 720 semei
732 670 873 722 imbiberit
882 673 910 722 in
919 674 989 725 litte·

189 739 229 790 ris
241 743 269 790 et
278 738 449 788 inbonarnm
461 737 560 787 artium
570 735 687 788 scientia
696 736 844 800 excellere,
851 753 929 805 quom
936 749 990 797 stu,

191 806 300 856 diorum
318 805 391 856 riam
412 818 444 854 ac
459 805 596 854 rationem
610 803 757 854 tenendam
772 809 875 870 putem.
911 806 989 867 Quod

190 872 255 922 dum
268 871 356 932 facio,
377 871 487 937 quidum
501 885 536 922 ex
555 871 635 922 vobis
655 871 801 921 decursum
815 873 870 922 iam
886 886 943 924 ase
962 881 991 925 et

190 935 347 988 coniectum
364 938 531 988 curriculum
545 943 712 1002 agnoscent,
728 937 790 999 eiii,
804 939 878 1004 quod
893 940 945 990 iter
956 940 990 992 ad

189 1017 283 1054 reram
303 1005 422 1072 gioriam
440 1003 525 1066 ierat,
555 1017 599 1054 me
618 1010 790 1059 monstrante
810 1013 989 1073 cognoscent

189 1072 300 1121 Attente
316 1079 345 1122 ut
357 1085 401 1122 me
416 1071 552 1134 audiatis,
568 1084 603 1121 ne
616 1070 736 1123 orandos
746 1070 857 1137 quidem
868 1087 929 1123 esse
941 1087 990 1128 ros

188 1143 265 1205 puto.
286 1138 402 1190 Frustra
412 1139 441 1190 id
452 1135 599 1206 postulem,
610 1138 664 1194 nisi
675 1141 858 1190 attentionem
866 1137 933 1190 mibi
942 1154 989 1191 res

65 1258 70 1268 s
188 1207 260 1273 ipsa,
272 1205 305 1256 de
317 1221 370 1275 qua
380 1207 474 1257 dicere
484 1204 638 1272 ingredior,
649 1204 850 1256 conciliaverit.
887 1205 990 1260 Princi-

99 1295 102 1303 κ
188 1273 237 1339 pio
251 1274 337 1340 igitur
350 1275 472 1341 positum
486 1273 536 1333 sit,
558 1271 682 1322 Graecae
693 1271 866 1338 Latinaeque
880 1273 991 1338 linguae
1048 1307 1049 1314 κ

190 1341 379 1407 cognitionem
388 1343 601 1399 instrumentum
612 1351 674 1388 esee
685 1337 720 1388 ed
731 1340 880 1404 parandam
890 1341 992 1392 doctri·

190 1421 243 1457 nae
254 1411 372 1476 copiam,
383 1405 436 1458 boc
447 1405 556 1472 quidem
567 1411 692 1470 tempore
702 1405 784 1472 plane
795 1407 992 1472 necessarium.

190 1473 222 1524 ld
237 1477 283 1544 qui
297 1481 414 1542 negant,
435 1479 483 1524 aut
498 1473 563 1540 quid
577 1487 673 1523 uerum
689 1473 727 1523 sit
744 1487 800 1524 non
819 1475 925 1536 rident,
945 1481 994 1526 aut
1048 1479 1049 1522 i

191 1541 486 1596 contendendi'studio
500 1541 528 1590 in
544 1539 729 1606 oppugnando
741 1553 788 1602 eo,
809 1541 884 1606 qnod
898 1553 994 1592 verum
1048 1559 1049 1568 ¹

191 1613 243 1668 est,
256 1613 398 1662 ostentare
408 1607 512 1676 ingenii
525 1619 639 1657 acumen
651 1606 755 1657 volunt.
778 1606 870 1667 Quare
881 1621 949 1675 puer
959 1609 994 1670 is,

190 1687 272 1738 quem
281 1674 432 1727 informare
443 1689 475 1726 ac
484 1673 643 1724 describere
655 1674 786 1736 ordimur,
798 1671 916 1726 bonerto
928 1674 995 1727 loco

188 1746 283 1803 natus,
303 1742 421 1794 modicis
433 1739 531 1808 opibus
541 1740 704 1801 instructus,
725 1755 759 1790 ea
769 1743 896 1807 corporis
910 1741 996 1792 firmi·

190 1813 260 1869 tate,
276 1815 306 1859 ut
316 1809 470 1870 studiorum
480 1805 605 1857 laborem
615 1806 741 1878 perferre
756 1809 862 1873 possit,
876 1809 997 1875 ingenio

189 1889 224 1924 nc
247 1890 280 1924 ue
300 1876 406 1943 agresti
425 1880 453 1924 et
471 1870 596 1944 hispido,
616 1884 668 1925 nec
681 1874 763 1925 molli
778 1881 806 1924 et
821 1873 998 1938 effeminato,
1048 1875 1049 1878 ’

189 1890 244 1992 w‘ii
249 1941 378 2009 eleganti
391 1947 421 1991 et
433 1937 467 1989 ad
487 1937 661 1992 honestatem
678 1953 818 2010 propenso
838 1941 1000 2007 praeditus,

189 2014 297 2058 sextum
308 2007 407 2072 aetatis
417 2007 561 2074 ingressus
572 2023 685 2068 annum,
700 2007 869 2060 Graecarum
880 2007 1000 2060 Latina·
1048 2055 1049 2082 ,

188 2087 304 2140 rumque
314 2074 470 2126 litterarum
479 2071 598 2134 formas,
618 2073 743 2132 nomina,
764 2075 933 2134 potestatem
946 2087 1003 2150 per

189 2139 284 2190 luduin
295 2139 442 2206 iocumque
453 2137 611 2198 condiscat,
624 2147 653 2192 ct
666 2144 697 2188 ut
711 2138 740 2187 id
752 2135 884 2186 libentius
895 2135 1001 2204 sacrat,

189 2219 245 2258 non
258 2211 333 2258 metu
347 2219 380 2254 ac
393 2203 567 2267 verberibus,
586 2203 637 2254 sed
650 2200 869 2270 praemioiis**),
891 2205 1000 2270 quibus

189 2279 267 2321 aetas
284 2271 335 2321 ilia
349 2273 411 2344 capi
424 2271 512 2333 solet,
528 2262 843 2322 identidem'excitetur«
877 2269 932 2322 Ubi
949 2287 1000 2325 an·
1048 2271 1049 2280 ’

188 2337 336 2412 nominee
347 2339 487 2405 posuerit,
507 2343 538 2390 ut
553 2343 583 2390 et
593 2336 702 2390 Graece
716 2343 745 2388 et
754 2335 854 2388 Latine
868 2339 940 2392 satis
955 2340 999 2393 fa-

232 2438 252 2508 5)
263 2455 312 2499 cie
322 2453 385 2500 Lael-
394 2458 430 2500 21.
445 2453 466 2508 β.
478 2459 525 2499 101.
542 2453 641 2500 marimo
656 2454 746 2510 quidem
761 2455 885 2510 optandum
899 2461 951 2508 ert,
961 2501 963 2506 ,
972 2465 1001 2502 nt

189 2522 239 2552 eum
249 2511 384 2567 aequalibus
394 2514 477 2566 possis,
493 2512 625 2566 quibuscum
637 2515 749 2566 tunquam
760 2526 771 2556 e
785 2511 914 2557 carceribus
924 2513 1000 2560 enin·

189 2577 228 2608 tue
238 2569 276 2618 sir,
292 2582 342 2612 cum
352 2571 437 2620 eisdem
445 2571 478 2614 ad
486 2569 577 2620 calceet,
590 2573 618 2614 ut
627 2569 717 2620 dicitur,
732 2571 860 2624 pervenire.

138 2672 140 2677 .
226 2640 257 2692 ”i
269 2641 348 2684 Horat.
358 2640 403 2696 Ep.
413 2639 434 2685 1.
444 2641 464 2684 i.
477 2645 510 2685 lt.

315 2695 368 2740 Non
379 2697 453 2742 invise
462 2697 524 2744 teres
533 2699 611 2756 pneris
620 2700 754 2746 monetula
764 2699 847 2755 parvis.
