2120 3018
370 157 585 241 ornnrro'rv
747 149 754 164 ’
843 191 876 242 ar

90 283 210 337 Platonis
232 285 340 355 quidem
359 285 447 338 libros
467 285 501 338 de
517 287 638 353 iustitie,
655 288 757 340 sirede
773 289 876 356 optimo

88 348 354 418 reipublicae'statu,
371 354 514 406 Ciceronis
529 362 620 406 eutem
634 356 721 406 libros
733 355 766 406 de
776 357 877 409 finibus

89 417 218 470 bonorum
229 420 413 470 etmalorum:
429 435 543 487 sperans
554 421 629 485 iore,
639 429 671 474 ut
680 423 756 473 Deus
767 423 877 488 'quidem
946 445 948 454 ⁴

90 481 150 536 huic
165 488 276 538 conatui
289 499 352 538 mco
368 487 454 538 arduo
467 495 496 538 et
509 489 628 551 difficili,
644 490 694 540 sed
707 487 826 539 honesto
837 495 876 540 at·
959 549 961 555 Ι

90 565 140 618 que
155 552 215 602 utili
235 553 341 617 ἰανθείς
363 568 414 604 vos
429 559 534 617 autem,
549 556 596 622 qui
611 562 713 621 quanta
726 553 772 606 hic
785 556 879 606 vestra
939 617 942 622 ¹

89 618 191 668 utilitas
210 626 309 686 agatur
330 620 445 683 videtis,
465 621 578 690 dignum
591 622 627 672 iis
642 621 815 684 auctoribus,
831 625 878 689 qui

89 685 164 735 vobis
174 693 376 754 proponuntur,
389 693 417 738 et
429 688 526 750 rebus,
559 703 610 739 uae
620 688 654 740 ab
665 691 706 740 eis
715 693 878 750 tractantur,

90 751 204 802 studium
218 754 254 805 ad
268 769 312 804 me
326 753 492 805 audiendam
509 769 525 804 a
549 755 642 806 eratis.
676 755 715 806 Ac
732 753 801 805 mihi
820 755 877 821 qui-

90 817 147 867 dem
160 817 229 888 nihil
241 821 269 871 in
285 835 318 872 eo
333 827 438 870 temere
448 820 550 872 iecisse
562 821 676 883 videor,
692 823 765 888 quod
779 819 877 872 horum

88 882 218 936 librorum
243 887 457 952 explicationem
482 889 702 956 coniungendam
723 887 877 939 iudicarim.
919 919 921 929 ·

87 949 180 1017 Agitur
190 955 263 1004 cnim
273 954 301 1002 in
311 953 435 1020 utrisque
447 953 481 1005 de
491 969 596 1006 summo
606 955 695 1016 b0n03
711 955 740 1005 in
750 954 807 1004 illis
820 956 877 1023 qui·

88 1017 146 1068 dem
158 1020 191 1073 de
202 1033 309 1072 summo
320 1019 394 1070 bono
407 1020 548 1084 civitatis„
557 1022 586 1072 in
596 1019 639 1072 his
655 1021 791 1071 autem‘de
807 1029 877 1072 surn-

53 1099 55 1104 ·
87 1082 414 1152 mobonosingulorum.
447 1077 519 1138 Esse
536 1092 627 1138 autem
642 1087 716 1137 idem
732 1087 836 1152 reipsa
850 1095 878 1137 et
928 1091 940 1105 ¹
972 1129 974 1134 .

88 1152 169 1203 totius
180 1154 302 1204 civitatis
313 1159 341 1202 et
350 1154 565 1221 uniuscuiusque
576 1155 644 1206 citis
655 1153 766 1215 bonum,
778 1159 806 1202 et
815 1152 877 1204 Pla-

33 1253 36 1258 .
88 1221 115 1267 to
134 1225 162 1269 et
177 1219 345 1270 Aristoteles
363 1233 446 1286 saepe
466 1221 628 1272 docuerunt.
663 1219 719 1272 Sed
737 1217 877 1270 scio'fora

88 1285 244 1349 nonnullos,
257 1285 305 1351 qui
313 1299 403 1336 meum
414 1285 560 1337 consilium
569 1287 738 1352 vituperent,
750 1286 823 1352 quod
832 1300 877 1336 mc

87 1349 115 1400 in
132 1349 239 1404 Latinis
259 1356 367 1402 tantum
385 1352 566 1416 scriptoribus
584 1351 705 1412 versari,
726 1365 743 1400 a
761 1351 877 1402 Graecis

28 1453 36 1470 .
87 1429 196 1531 Rrorsua
216 1417 356 1470 abstinere
377 1423 518 1484 cuperent.
551 1415 641 1468 Erunt
660 1419 756 1479 etiam,
777 1418 823 1484 qui
842 1415 877 1468 ab
916 1452 918 1458 -

107 1485 194 1535 omino
208 1483 352 1536 tradendis
371 1484 547 1550 eloquentiae
561 1483 717 1550 praeceptis
734 1481 876 1548 praelecto

89 1561 119 1598 aa
135 1551 295 1618 praeposito
314 1551 468 1666 orat'xnam
486 1549 580 1614 potius
596 1549 739 1599 Ciceronis
758 1548 877 1617 aliquam

88 1621 134 1666 aut
148 1616 266 1684 aliquem
277 1629 373 1667 eorum
397 1615 536 1677 ibrorum,
553 1615 600 1681 qui
611 1614 645 1665 ab
657 1629 690 1666 eo
702 1614 735 1666 de
746 1621 805 1666 arte
816 1613 876 1667 rhe-

88 1682 175 1733 torica
192 1684 288 1751 scripti
307 1689 384 1744 sunt,
405 1681 538 1748 explicari
554 1681 876 1734 debuissecontandant.

89 1747 190 1808 Quibus
208 1751 335 1830 utrisque
349 1750 473 1807 breviter
485 1747 668 1811 satisfaciam,
681 1753 712 1799 ut
727 1756 755 1801 et
768 1763 877 1801 onnoem
956 1805 958 1810 ,

90 1814 320 1885 eis,quantum1n
329 1830 372 1867 me
383 1815 493 1884 quidem
503 1815 569 1878 erit,
581 1829 704 1866 errorem
714 1815 837 1884 eripiam,
848 1822 878 1866 et

88 1885 176 1946 tamen
186 1897 349 1945 caveam,ne
358 1881 428 1934 haec
437 1885 537 1950 ipsaut
546 1881 617 1949 opud
626 1881 774 1934 nonnullos
783 1896 877 1954 super·

88 1961 217 2013 maenaa,
232 1950 275 2000 sic
290 1949 362 2015 apud
372 1950 520 2030 plerosque
530 1949 689 2014 necessaria
698 1951 826 2018 purgatio
836 1947 876 2000 ni-

89 2014 169 2066 mium
177 2017 312 2083 temporis
323 2015 403 2068 nobis
415 2017 522 2082 eripiat.

122 2079 401 2150 Primumigituristis
407 2083 530 2134 Graecae
537 2080 783 2150 linguatosoribas
790 2079 877 2132 itare·
891 2135 892 2143 χ

91 2151 215 2212 sponsum
224 2151 301 2212 volo,
312 2163 419 2200 omnem
430 2149 585 2216 elegantem
596 2149 758 2211 doctrinam,
770 2163 876 2200 omnem

91 2215 275 2282 cognitionem
294 2217 320 2267 di
343 2231 404 2267 nam
423 2214 542 2267 hominis
560 2216 674 2294 ingenui
693 2215 799 2276 studio,
821 2217 880 2286 uno

91 2281 185 2344 verbo,
203 2231 342 2398 quicquid
353 2297 467 2350 usquam
485 2286 528 2332 eat
546 2282 707 2349 politiorum
721 2281 878 2354 disciplina·

91 2357 160 2408 rum,
174 2363 211 2399 nu
222 2349 258 2400 lis
273 2349 336 2400 aliis
351 2363 435 2417 quant
448 2347 619 2400 Graecorum
635 2347 715 2399 libris
730 2361 762 2397 ac
775 2347 878 2397 litteris

18 2429 19 2433 ¹
92 2412 232 2466 contineri.
266 2414 525 2482 itaquequodolim
534 2413 800 2466 M.Catonemillum
810 2411 878 2460 Cen-

91 2477 191 2529 sorium
202 2481 379 2533 vaticinatum
391 2481 496 2543 ierunt,
510 2496 570 2532 cum
581 2479 670 2532 adhuc
680 2477 795 2542 Graecia
805 2476 879 2524 litte·

92 2543 127 2594 ris
137 2544 259 2599 infensus
271 2555 359 2610 esset,
374 2563 441 2615 quaa
451 2553 555 2611 tamen,
561 2553 669 2664 geaten
678 2561 711 2596 oo
750 2545 790 2593 ito
804 2549 879 2587 erro·

93 2623 132 2672 re,
144 2627 230 2664 senex
239 2615 399 2666 avidissime
408 2613 548 2678 uiderat),
586 2627 694 2674 raecos,
706 2603 787 2661 ssmul
796 2609 881 2666 atque,

154 2681 240 2732 cta‘m
250 2687 341 2734 Senect.
351 2689 371 2746 θ.
381 2694 401 2734 3.
413 2691 437 2732 ot
446 2691 480 2732 26.
488 2687 551 2734 Plut.
563 2687 620 2732 (lato
630 2689 681 2731 mai
691 2699 710 2730 c·
721 2688 742 2726 Ξ·
