2150 3012
209 186 258 240 uo
338 223 342 231 r
477 181 636 235 'culmo
654 177 734 236 xvi.

205 284 392 354 ponderare*)
414 282 513 349 debpt,
532 284 696 350 praesertim
715 297 778 336 cum
796 283 832 336 de
850 285 993 339 commodis

205 353 306 406 vestris
316 357 423 418 agatur.
458 349 562 412 Hodie,
574 351 780 414 adolescentes,
793 353 919 404 siveram
928 367 993 404 ama
1057 393 1058 396 η

204 433 275 482 ntus,
291 419 380 470 omnis
390 432 476 484 prope
489 433 556 468 usus
566 417 632 484 eloq
669 417 756 478 ntiae,
772 425 958 485 praeterquam
966 422 993 470 in
1057 427 1058 452 ³

204 485 357 538 scribendis
370 483 506 550 epistolis,
514 485 555 534 ita
564 484 599 534 de
612 431 703 537 axio
715 483 840 535 sublatus
849 491 899 546 est,
911 493 993 536 utnon

202 549 673 616 volanecvestigiumappareat**),
691 549 993 602 Dominahaturolimiu

203 617 328 680 iudiciis;
347 615 482 682 regnabat
489 617 519 666 in
529 615 926 679 consultationibus3vincebat
937 617 992 669 fere

99 699 109 706 ‘
203 697 358 746 aaaausm,
371 697 441 750 quae
452 681 674 750 eloquentiorem
683 689 829 748 patronum
839 689 991 736 nocuerat
1057 671 1058 692 ¹

285 765 339 817 Sed
357 765 423 817 baec
435 763 512 831 prius
522 764 620 834 fuere:
640 779 711 816 nunc
728 765 875 828 recondita,

95 847 114 854 -
203 876 213 882 ,,
285 833 338 891 (Ut
356 833 390 884 de
410 830 526 898 phaselo
545 833 584 883 ait
604 831 818 897 Catullus***)=)

284 899 365 950 Senot
384 897 478 965 paiste.

202 979 994 1044 iudicia,llon1aesaltem,itaexcrecntur,ut1neisnullus

201 1049 284 1114 plane
296 1048 374 1099 locus
388 1048 565 1115 eloquentiae
580 1048 626 1098 sit.
660 1048 692 1098 lu
705 1047 950 1100 deliberationibus
961 1049 995 1100 da

200 1115 309 1181 magnis
321 1121 351 1166 et
360 1116 441 1166 seriis
451 1115 543 1177 rebus,
554 1114 620 1181 quid
630 1115 746 1182 quisque
756 1115 839 1176 dicat,
849 1129 904 1166 non
916 1129 997 1181 quam

203 1191 300 1233 ornate
310 1182 395 1244 dicat,
406 1183 567 1234 attenditur.
593 1181 679 1232 Recte
690 1183 813 1234 omnino:
826 1184 997 1250 nequeenim
1057 1211 1058 1246 3

201 1249 298 1314 negari
313 1255 418 1315 potest3
438 1249 488 1300 scd
501 1255 595 1300 tamen
606 1249 757 1300 istomodo
771 1263 873 1316 magua
885 1248 996 1300 disertis
1057 1289 1058 1292 η

193 1313 358 1367 bominibus
370 1317 511 1366 subtracta
519 1315 636 1366 materia
647 1321 699 1366 est.
733 1315 908 1382 Eloquentia,
919 1316 998 1380 quasi

202 1384 303 1434 aetatis
316 1383 453 1433 beneficio
469 1383 667 1436 immunitatem
679 1388 845 1444 consecuta,
865 1383 998 1440 iussaest

202 1449 345 1500 oblectare
354 1464 383 1500 se
395 1451 423 1499 in
434 1445 477 1500 bis
486 1449 588 1499 nostris
598 1445 775 1499 scholasticis
784 1464 817 1500 ac
826 1447 998 1515 pulverulen-

129 1531 130 1534 ’
200 1516 238 1567 tis
252 1516 500 1584 disputationibus,
519 1515 549 1565 in
561 1516 649 1566 sacris
666 1514 859 1577 concionibus,
878 1529 948 1582 quae
963 1515 1000 1566 ad

201 1584 334 1650 populum
347 1580 496 1643 habentur,
515 1587 545 1631 et
557 1581 694 1633 interdum
713 1581 742 1632 in
757 1581 1001 1699 pratulationibus,

115 1655 118 1659 ’
201 1663 272 1714 quae
284 1651 352 1700 liunt
360 1650 395 1699 ad
405 1649 542 1714 principes
554 1649 642 1699 autin
653 1663 749 1700 corum
777 1650 907 1701 uneribus
918 1661 1001 1703 exor-

199 1716 308 1767 nandis.
343 1715 386 1766 lta
395 1729 430 1764 ex
439 1713 496 1762 illis
507 1714 595 1766 tribus
605 1715 781 1767 Aristoteleis
792 1715 902 1767 dicendi
935 1728 1002 1766 auo·

198 1781 277 1834 ribus
288 1782 377 1833 solum
389 1779 566 1845 epidicticon,
581 1781 655 1848 quod
665 1781 733 1834 olim
742 1783 847 1834 minimi
856 1787 919 1848 pret
932 1783 938 1794 '
951 1779 1001 1832 ba·

197 1847 329 1909 bebatur,
348 1848 376 1896 in
390 1860 441 1896 usu
454 1846 582 1899 relictum
598 1853 649 1898 es't.
683 1849 788 1900 Mansit
805 1855 898 1900 tamen
916 1847 1002 1909 illud,

107 1921 114 1936 “
198 1920 230 1965 ut
241 1916 288 1982 qui
297 1915 380 1973 bene,
394 1911 486 1974 idest,
501 1920 559 1965 tum
570 1914 684 1976 diserte,
694 1921 752 1966 tum
762 1916 913 1980 prudenter
922 1921 954 1966 et
963 1915 1004 1977 ad

197 1993 258 2042 res,
273 1980 309 2030 ad
324 1991 471 2045 personas,
485 1979 521 2029 ad
535 1987 661 2045 tempora
672 1981 880 2032 accommodate
889 1983 1002 2047 episto-

195 2047 251 2098 lam
261 2045 399 2105 scribunt,
412 2043 546 2094 facillime
561 2046 595 2094 ad
611 2045 736 2094 intimam
749 2045 902 2110 principum
916 2047 1004 2100 fanu-

195 2113 345 2162 liaritatcm
363 2110 526 2174 perveniant
536 2116 574 2160 .et
585 2109 620 2160 ad
637 2110 816 2160 mariniacum
832 2123 925 2176 rerum
941 2119 1005 2165 tra.

195 2178 345 2228 ctatiouem
356 2173 551 2237 adhibeantur,
569 2175 696 2225 maximis
710 2174 870 2240 plerumque
881 2173 1006 2232 honori.

193 2243 246 2294 bus
256 2246 418 2308 augeantur.
446 2240 508 2292 Hac
519 2240 651 2292 facultate
662 2256 725 2292 cum
735 2242 792 2302 alii,
806 2247 864 2292 tum
874 2240 1005 2299 iacobum

249 2354 269 2407 ⁸)
285 2353 304 2396 1.
315 2366 335 2398 e.
345 2354 437 2400 maioris
447 2353 556 2412 ponderis
571 2357 594 2398 st
608 2355 678 2410 pretii
688 2367 749 2405 esse,
764 2366 827 2410 quam
842 2353 902 2402 aliae
917 2373 1006 2407 omncs

182 2420 237 2460 ‚reu
252 2410 281 2454 iia
287 2412 433 2468 praeualere,
445 2415 471 2456 ut
480 2425 539 2454 nunc
548 2409 676 2466 loquuntur.
691 2411 787 2456 Passim
795 2412 890 2464 ratione,
901 2419 928 2456 ut
939 2415 1003 2461 alibi

193 2465 306 2518 Muretus,
322 2470 394 2536 utitur
404 2469 452 2513 Cic.
463 2469 491 2512 dc
501 2468 540 2538 off.
551 2472 573 2528 ll
580 2473 598 2511 1.
608 2473 629 2512 4.
640 2467 661 2525 ἦ,
673 2474 706 2514 la.
731 2469 774 2520 Qui
785 2470 859 2512 omnia
868 2473 1005 2516 metiuntur

192 2522 351 2624 pmolutmteentn
369 2528 392 2568 et
410 2526 543 2577 commodus,
566 2539 639 2584 aeque
661 2539 690 2572 ea
706 2523 788 2572 volunt
806 2527 1007 2584 praqrouaemrr'

207 2592 220 2622 o
311 2611 316 2623 .

221 2594 357 2692 ufflflb'amo
365 2649 402 2694 ap.
411 2636 509 2685 Nonum.
517 2651 540 2684 a.
548 2641 597 2684 lid.

226 2697 268 2750 Μ)
286 2693 462 2744 ennuexu.
549 2739 554 2744 ,
