2140 3010
207 155 255 208 rso
389 179 393 188 „
483 114 773 203 onnrroxrn'

204 263 236 308 ut
248 253 407 306 notn'minns
422 253 483 318 ip'se
496 251 566 302 lueis
580 264 612 302 ae
625 249 768 316 dignitatis
778 253 930 310 maioribus
940 257 998 308 suis

205 322 345 381 attilisse,
373 335 454 386 qnam
476 317 509 368 ab
529 318 570 368 eis
590 317 732 386 accepisse
751 317 886 378 videatur.
931 323 998 372 com

204 397 296 440 antem
306 389 335 438 in
345 401 379 438 eo
388 389 443 438 iam
452 392 510 436 tum
521 383 765 450 puerulomiriiisa
774 385 909 450 quaedam
922 396 951 440 et
964 389 998 440 nd

205 469 313 507 omnem
321 455 452 504 virtutem
462 451 645 517 etpraecipue
656 451 691 504 ad
703 452 875 517 prudentiam
888 453 999 506 indoles

204 523 351 582 emineret,
369 521 410 568 ita
422 533 483 568 eum
497 525 588 583 pater,
603 517 721 582 optimus
734 535 767 570 ee
778 520 997 584 sapientissimus

202 589 350 704 ρἰίιιοοὲἱε,Χ
359 585 508 650 diligebat,
522 583 640 634 utnulla
652 584 685 636 de
699 599 729 636 re
740 586 852 638 maioris
866 589 998 642 momenti

202 657 257 706 nisi
268 655 303 705 ad
322 652 391 702 ibito
407 649 686 704 tilioludeliberaret'.
714 651 755 704 En
765 659 912 718 praesente
921 654 998 720 lega·

203 730 249 773 tos
262 721 297 771 ad
310 733 341 770 se
353 717 455 770 missos
470 717 611 780 audiebat,
632 731 667 770 eo
679 724 825 782 praesente
839 720 997 786 legationes

204 785 382 846 decer-nahae
392 785 528 850 interesse
539 799 600 836 eum
610 785 733 848 volebat,
744 787 854 852 quoties
868 787 902 837 de
912 787 997 852 bello,

204 855 238 904 de
252 867 320 919 paee
337 851 454 918 aliisque
470 851 581 904 maximi
595 854 727 903 momenti
744 853 865 919 negotiis
880 855 998 906 consilia

203 923 375 986 eriperentur.
410 918 442 968 ln
457 917 507 983 iun
523 918 610 984 igitur
630 919 783 984 sapientiae
802 917 900 972 schola
913 927 996 987 atquo

139 1003 144 1012 -
202 985 313 1041 officina
327 985 473 1047 educatus,
491 985 569 1035 brevi
580 991 705 1050 tempore
718 991 823 1036 tantam
835 986 888 1037 sibi
901 989 997 1053 aegni-

203 1053 307 1104 tionem
319 1060 401 1119 atque
412 1050 626 1116 intelligentiam
636 1065 740 1112 eorum,
752 1066 822 1118 quae
833 1051 997 1122 adpopulos

201 1125 279 1170 reete
295 1118 487 1186 gubernandos
497 1120 648 1183 pertinent,
667 1120 848 1184 eonrparavit,
859 1122 899 1176 ¹n't
907 1118 998 1172 adhue

203 1186 368 1238 adolescens
379 1181 624 1238 exercitatissimos
635 1186 833 1246 seneseonsilii
838 1189 997 1240 maturitate

201 1260 355 1318 superaret
389 1253 486 1319 ltaque
503 1265 564 1302 enm
583 1252 612 1302 in
626 1251 745 1302 Galliam
763 1253 924 1307 confirmata
941 1254 997 1306 iam

101 1347 113 1369 ι
202 1327 294 1372 aetate
304 1319 445 1388 proiectus
456 1324 566 1378 esseae
587 1317 807 1370 udFraneisoum
817 1334 925 1386 regem,
940 1335 998 1372 non

202 1387 292 1440 solum
302 1387 421 1447 nomine,
433 1333 710 1463 sedomniKusregiis
718 1385 865 1438 virtutibus
875 1387 998 1446 omnium

201 1463 314 1508 noemae
330 1452 480 1503 memoriae
499 1465 596 1516 regum
613 1448 845 1517 fnenieprinnum,
863 1467 919 1506 uon
940 1459 998 1504 tam

135 1549 140 1558 =
201 1527 315 1588 propter
333 1518 424 1586 gentis
447 1517 621 1570 nobilitatem
639 1526 687 1570 aut
699 1523 813 1586 propter
825 1521 996 1584 affinitatem,

189 1602 282 1653 ,quam
291 1591 404 1652 propter
413 1584 581 1652 singularem
591 1587 726 1653 quandam
735 1587 941 1640 tractandarum
953 1601 997 1640 re·

200 1667 261 1704 rum
275 1651 432 1722 solentiam,
451 1660 557 1704 tanturn
569 1651 742 1705 auctoritatis
756 1660 922 1708 consecutus
942 1665 997 1716 est,

202 1725 233 1769 ut
245 1719 274 1769 in
286 1717 336 1769 iilo
353 1720 521 1785 amplissimo
538 1726 567 1770 et
580 1719 789 1786 opulentissimo
801 1735 888 1788 regno
899 1735 998 1774 seeun-

118 1831 120 1840 ,
143 1837 147 1841 ,
201 1783 264 1835 dum
274 1799 368 1852 regem
378 1786 412 1836 de
423 1785 568 1853 Hippolyti
580 1786 753 1850 potissimum
764 1787 889 1840 Estensis
904 1789 998 1840 consi-

199 1851 239 1900 lio
255 1859 284 1902 et
298 1853 437 1903 sententia
449 1853 541 1902 omnia
551 1857 722 1916 gererentur.
757 1853 854 1920 Neque
868 1868 934 1905 vero
945 1855 998 1908 mi·

199 1933 250 1968 nus
264 1919 337 1984 apud
346 1918 497 1968 Henrieurn
510 1919 659 1970 seeundum
672 1919 775 1979 valuit,
790 1923 839 1984 qui
851 1922 998 1974 nonistm

200 1999 297 2036 omnes
305 1997 355 2050 per
364 1984 518 2034 universam
528 1982 635 2034 ltaliam
645 1999 723 2044 suos,
738 1985 797 2034 sive
809 1984 919 2048 legates
932 1991 997 2040 sire

199 2051 369 2102 exereitn'um
383 2046 554 2113 praefectos,
567 2063 622 2098 uno
634 2050 732 2109 verbo,
746 2049 933 2112 cuiuscunque
944 2069 998 2118 ga.

198 2117 388 2168 minassent,
404 2113 843 2166 exeiusdemnutnucrolnntate
858 2114 998 2186 pendere,

198 2194 287 2246 neque
298 2176 444 2243 quidquam
455 2179 508 2230 nisi
517 2191 553 2230 eo
566 2178 707 2240 consulto,
726 2178 802 2245 quod
816 2177 927 2246 quidem
940 2186 994 2238 ali-

197 2247 275 2295 errius
285 2243 417 2294 momenti
426 2251 510 2307 esset,
520 2244 711 2297 administrare
720 2246 817 2298 voluit.
835 2245 912 2302 illam
922 2265 992 2306 iero
1052 2233 1053 2288 l

196 2307 396 2360 nobilissimam
405 2312 513 2380 totique
524 2311 697 2365 Christianae
707 2313 878 2380 reipublicae
887 2314 992 2372 saluta·
1052 2301 1053 2356 3

196 2387 254 2425 rem
270 2373 452 2442 legationem,
472 2395 529 2448 qna
542 2384 572 2434 in
583 2378 674 2432 Gallia
686 2381 857 2434 difficillimis
872 2396 904 2433 ae
917 2387 990 2450 peri·

194 2441 378 2494 mlosissimis
392 2449 562 2513 temporibus
580 2446 691 2500 functus
708 2458 764 2510 est,
783 2449 922 2516 quomodo
941 2461 991 2504 um

194 2507 307 2583 silentio
316 2517 537 2576 praetermittere
547 2524 595 2569 aut
602 2514 639 2566 de
648 2529 683 2568 ea
692 2533 742 2584 pru
756 2516 891 2584 dignitate
904 2518 987 2572 rerba

194 2572 288 2627 iacere
300 2579 418 2642 poterni
435 2580 619 2646 Grassabatur
650 2597 681 2634 er
694 2594 780 2638 totum
796 2585 912 2636 Galliam
927 2585 986 2634 infe

194 2642 252 2693 nita
262 2643 397 2708 quaedum
406 2597 776 2707 faunorosorumffiominum
788 2653 930 2714 colluvies,
939 2653 984 2718 qui
