2140 3010
305 155 539 212 PRAEFATIO
559 154 610 211 vl.
634 201 639 208 .
818 159 869 212 rte

67 258 262 328 responderam
285 260 360 328 quod
373 262 434 327 ipse
445 260 544 314 Cicero
558 259 586 311 in
601 260 729 325 cretione
743 267 794 330 pro
808 259 869 314 Mu·
968 325 971 330 1

64 341 135 379 ,rena
153 333 287 379 testatum
306 326 428 394 reliquit.
465 327 573 387 Quodsi
587 326 749 380 Sallustium
768 330 868 396 ipsum,

67 400 95 444 et
113 400 274 446 accuratum
295 395 453 462 cumprimis
468 392 607 445 hominem
627 399 655 444 et
669 395 782 447 illorum
799 403 868 447 tem-

65 473 163 526 porum
186 460 345 527 aequalem,
372 468 464 512 tamen
479 460 583 512 alicubi
601 461 709 528 lapsum
726 461 866 514 videmus:

65 527 226 579 exacuenda
235 525 362 594 prolecto
372 528 452 579 nobis
461 527 569 595 ingenii
579 529 654 578 acies
666 534 718 592 est,
734 543 824 596 neque
835 538 866 580 ut

65 592 186 660 quidque
197 609 213 644 a
224 609 333 662 qunque
343 601 468 646 veterum
478 596 619 660 proditum
629 593 728 658 fuerit,
748 596 789 646 ite
801 611 864 662 prn-

64 661 139 712 tinua
163 661 220 711 reci
242 661 352 714 lendum
377 668 432 714 est:
460 661 511 712 aed
535 661 705 713 conferenda
728 663 864 714 allecum
943 659 951 672 ¹

63 726 137 790 aliie,
157 733 187 778 et
204 677 240 778 ed
253 728 397 779 Ciceronis
410 723 560 795 praecipue
573 729 783 792 auctoritatem,
804 737 863 781 tan·

63 809 145 861 quam
155 793 189 846 ad
201 791 321 860 Lydium
331 793 465 862 lapidem,
479 795 590 862 singula
599 795 748 863 diligenter
762 799 863 847 exenni-

63 860 162 912 nanda.
197 859 276 912 Nunc
286 861 321 912 ad
331 877 398 913 rem.
429 861 513 912 Dicta
523 869 567 914 est
576 860 645 914 haec
658 865 747 915 oratio
759 877 776 913 a
787 864 863 914 Cice·

62 941 132 981 rone
142 928 266 992 consule,
276 933 402 980 renatum
412 926 532 980 habente
542 929 865 998 intemploloriaStato-

62 995 111 1056 ris,
123 1007 164 1045 vr.
172 993 375 1057 idNevembn,
385 1002 417 1046 ut
426 995 501 1046 inira-
508 995 681 1063 probabitur:
691 1013 745 1066 qun
753 997 865 1065 quidem

63 1063 191 1113 oratione
206 1063 338 1126 ostendit,
348 1062 491 1130 patefacta
500 1065 555 1113 iam
566 1077 628 1114 esee
640 1065 766 1116 omnibus
777 1067 863 1117 acele-

62 1133 124 1196 pata
138 1128 273 1179 Catilinae
287 1130 420 1181 adversus
434 1129 632 1193 rempublicam
648 1132 779 1193 consilia,
797 1134 863 1199 ipsi-

63 1208 119 1261 que
129 1195 228 1246 suadet
238 1195 283 1244 rel
292 1196 386 1260 potius
396 1197 523 1260 imperat,
538 1201 569 1244 ut
579 1209 614 1244 ex
621 1196 689 1245 urbe
702 1207 792 1260 exeat,
808 1215 862 1265 quc

62 1267 92 1312 et
102 1261 242 1312 civitatem
252 1261 355 1312 liberet
363 1267 451 1321 metu,
470 1261 570 1328 etipse
581 1274 611 1310 se
622 1261 738 1314 liberius
754 1261 864 1316 hostem

62 1343 98 1394 po
118 1329 160 1378 uli
170 1327 287 1377 Romani
296 1327 423 1392 profiteri
433 1333 525 1392 queat.
548 1325 641 1377 Genus
651 1327 737 1394 igitur
748 1343 863 1382 caussae

62 1395 91 1444 in
114 1392 196 1444 'ciale
213 1406 268 1443 nnn
284 1399 340 1455 eat,
355 1392 468 1445 utialso
479 1393 593 1444 Coelius
605 1393 688 1444 Curio
700 1399 789 1460 putat:
808 1413 865 1447 nnn

62 1461 137 1514 enim
147 1461 176 1510 in
186 1465 285 1510 senatu
295 1459 400 1513 iudicia
410 1461 620 1512 exercebantur.
649 1460 864 1512 Sednedelihe·

62 1529 182 1579 rativnm
197 1526 307 1593 quidem
323 1533 374 1579 eat.
410 1527 484 1589 Quid
497 1527 552 1578 itai
569 1529 634 1594 quia
647 1530 720 1580 enim
730 1543 785 1579 non
796 1528 865 1580 ‹leli-

61 1597 145 1648 beret
154 1593 263 1656 Cicero,
279 1609 368 1662 neque
379 1594 544 1646 sententiam
556 1595 632 1657 dicit,
645 1609 735 1712 nerpue
746 1601 794 1646 aut
803 1607 865 1646 sna-

62 1663 111 1714 det
127 1661 277 1728 quidquam
292 1661 403 1712 senatui
418 1668 466 1712 aut
479 1661 635 1723 dissuadet3
654 1677 684 1712 ee
718 1662 866 1712 Catilinam

61 1731 201 1792 increpat,
216 1727 357 1796 obiurget,
372 1731 507 1796 exagitat,
525 1729 603 1779 iubet
614 1729 746 1797 denique,
763 1734 866 1779 utcum

61 1793 234 1861 reipublicae
244 1795 344 1858 salute,
353 1810 475 1846 suarem
485 1801 564 1861 peste
576 1810 608 1846 ac
617 1795 740 1861 pernicie
752 1809 787 1847 ex
795 1795 864 1848 urhe

60 1861 264 1928 proficiscatur.
300 1861 486 1930 Qnidigiturl
503 1862 657 1930 Fatendum
666 1861 795 1928 proiecto
810 1873 864 1924 eet,

60 1943 117 1980 non
131 1941 227 1978 omnes
238 1928 382 1978 Ciceronis
397 1931 554 1990 crationes,
574 1929 673 1981 nedum
690 1929 782 1980 emnia
792 1945 863 1997 quae

58 1997 94 2047 ab
107 2001 222 2046 cratere
232 2001 396 2058 tractantur,
408 1995 442 2045 ad
452 1997 508 2048 tria
519 1995 570 2046 illa
580 1995 743 2063 pervulgata
752 2012 862 2048 caussa·

57 2077 119 2114 rum
140 2073 244 2128 genera
262 2076 346 2128 pocae
365 2063 501 2114 revecari.
536 2063 599 2130 lpse
618 2068 710 2114 autem
725 2066 861 2115 orationis

54 2125 195 2196 χαρακτὴρ
204 2129 301 2194 plenus
312 2135 356 2180 est
365 2127 522 2197 δεινότητος,
535 2129 702 2200 γοργότητος,
716 2131 861 2200 σφοδρότη-

57 2211 116 2252 ‹nm
131 2196 251 2258 μεγαλοπ
268 2197 364 2254 euriae.
399 2197 495 2266 ltaque
510 2213 689 2264 quaecunque
703 2199 737 2249 de
751 2199 800 2250 illo
813 2215 860 2266 ge·

56 2275 125 2312 nere
136 2275 153 2312 a
163 2213 303 2314 verendus
313 2262 513 2329 proditarum,
533 2279 567 2318 ea
576 2263 621 2318 bic
634 2265 800 2320 mirabiliter
811 2265 859 2319 eb·

56 2333 170 2382 servata
178 2329 358 2396 reperiemus.
909 2337 919 2346 '

358 2511 560 2542 'm
