2150 3012
199 145 249 198 130
358 150 360 158 ’
466 143 619 197 ORATIO
637 143 720 198 xlv.
1056 75 1064 186 l

196 245 317 313 ailquem
334 243 495 298 Florentiae
514 251 609 296 nanim
627 250 657 296 et
675 246 834 309 educatum,
858 249 905 316 qui
921 251 995 302 iuter
1063 267 1064 310 l

195 313 271 364 oives
285 313 568 380 suosdisertisaimus
586 310 747 373 haberetur,
767 318 796 364 et
814 327 877 365 eum
896 322 995 368 notare
1050 319 1064 376 ,³

195 377 281 430 vellet
289 386 427 446 tamquam
436 379 508 430 male
518 378 686 445 loquentem,
715 378 912 445 uodquaedam
920 383 995 435 dice·
1063 369 1064 396 ¹

170 482 181 517 3
195 455 252 508 ret,
275 460 346 513 quae
364 447 425 510 ipse
443 447 473 496 in
491 445 548 498 illis
587 445 664 495 aucis
682 393 762 496 illinis
781 453 810 496 et
827 447 925 499 iaillo
942 465 994 500 suo

194 514 339 579 praeclaro
354 511 447 562 indico
458 525 514 563 non
528 459 658 572 haberet,
677 512 739 577 quis
759 518 887 564 nostrum
900 515 928 566 in
943 516 992 567 tali
1020 539 1023 542 ·

137 615 139 620 ,
195 578 355 647 spectaculo
368 578 453 628 risum
466 583 563 628 tenere
577 577 688 642 possetl
703 578 788 644 Atqui
802 576 890 631 nihilo
904 581 994 632 minor

192 652 290 698 nostra
300 643 419 704 stultitia
432 649 489 705 est,
504 644 590 709 quiin
600 649 679 696 tante
690 651 814 694 veterum
828 647 993 714 scriptorum

194 711 405 778 disperditione,
414 715 471 760 tam
481 709 567 776 longo
578 716 732 775 temporum
743 711 899 776 intervallo,
916 719 993 764 tanta
1063 745 1064 756 ι

192 778 289 830 Latini
300 776 437 828 sermonis
456 776 597 827 oblivione
618 783 647 828 et
664 776 853 843 ignoratione,
872 782 992 846 optimae
1063 779 1064 800 l

193 843 577 908 notaeaoriptoiesdaarnare
591 858 646 893 non
659 857 799 904 veremur,
817 858 993 911 quorumeo..

192 914 240 978 qui
253 917 282 962 et
294 910 431 961 muliones
445 909 533 964 multo
546 908 647 960 melius
659 923 741 975 quam
759 924 856 962 omnes
874 927 925 964 nos
939 911 992 964 La·

192 979 250 1030 tine
262 983 291 1028 et
300 976 496 1043 intelligebant
509 981 538 1026 et
551 975 744 1041 loquebantur.
781 975 837 1028 Sed
850 975 992 1030 hune-ser-

191 1057 302 1094 monem
320 1043 400 1094 nimis
413 1043 444 1094 in
462 1043 577 1110 longum
590 1043 686 1104 duol*)
705 1043 796 1096 video.
830 1043 893 1110 Ego
910 1046 991 1098 vobis

192 1109 247 1162 boe
260 1111 335 1161 omni
352 1110 559 1162 asseveratione
576 1111 723 1172 confirmo,
742 1110 829 1162 multa
847 1111 876 1162 in
891 1112 991 1164 Tacito

189 1177 337 1232 revelatis
346 1177 448 1239 videri,
462 1191 532 1243 quae
544 1190 579 1228 ex
587 1177 686 1226 ultima
694 1178 857 1244 antiquitate
871 1179 992 1243 repetita

193 1251 266 1306 sunt,
276 1258 402 1311 quaeque
412 1245 484 1310 apud
495 1243 638 1305 Catonem,
647 1241 809 1306 Varronem,
821 1243 993 1308 Sallustium,

194 1312 329 1378 quaedam
353 1312 436 1362 etiam
461 1310 533 1377 apud
553 1309 717 1361 Ciceronem
739 1309 830 1376 ipsum
849 1311 992 1378 leguntur3
1052 1341 1064 1361 a

196 1378 330 1446 quaedam
351 1377 480 1429 fortassis
503 1382 617 1438 novata,
645 1375 695 1427 sed
717 1375 757 1426 ita
778 1384 809 1427 ut
836 1376 993 1443 elegantius

193 1459 249 1496 non
262 1445 416 1512 potuerint3
435 1443 569 1510 quaedam
581 1456 666 1508 paroe
685 1456 720 1493 ex
734 1441 841 1494 Graeco
854 1442 933 1494 lente
946 1445 994 1496 de·

193 1515 329 1576 torta**),
361 1512 461 1578 quibus
480 1511 570 1561 oratio
592 1509 694 1575 ipsius,
721 1515 860 1576 tamquam
883 1511 1016 1564 modice.

56 1583 59 1590 '
107 1607 111 1616 ·
194 1592 309 1645 espierso
320 1579 391 1640 sale,
409 1576 571 1629 suavissimo
582 1576 734 1628 condiatur.
769 1577 806 1627 Et
814 1575 869 1628 boe
881 1591 994 1644 quoque

189 1644 278 1696 babet
288 1645 378 1696 simile
389 1642 575 1710 Thuoydidis,
588 1643 616 1694 in
626 1657 680 1710 quo
691 1641 793 1694 Graeci
808 1643 898 1696 oritioi
911 1657 994 1710 quas-

194 1711 256 1762 dam
265 1726 353 1770 voces
361 1710 502 1777 antiquas,
516 1708 648 1776 quasdam
658 1708 693 1760 ab
703 1708 764 1776 ipso
775 1725 856 1763 cusas
866 1715 896 1762 et
908 1724 994 1761 nora·

193 1785 206 1828 t
248 1784 354 1828 notant.
1063 1825 1064 1830 ,

164 1902 168 1912 1
206 1793 382 1896 ”Exsecutus
395 1855 455 1894 sum
465 1840 565 1903 omnia,
576 1856 646 1907 quae
657 1857 864 1912 proposueram.
884 1841 995 1904 Quodsi
1010 1844 1019 1854 “
1063 1835 1064 1902 3

193 1910 287 1972 dooui,
297 1917 326 1961 ot
333 1909 460 1959 Tacitum
470 1907 498 1962 in
508 1907 673 1973 pulcerrimo
684 1917 847 1977 argumento
860 1925 922 1961 esse
933 1923 994 1960 rer·
1063 1913 1064 1960 ἶ

193 1984 283 2029 satum
293 1982 322 2026 et
331 1975 435 2026 frustra
444 1972 527 2024 iidem
536 1972 612 2026 illius
622 1975 650 2026 in
661 1975 772 2026 dubium
782 1977 889 2038 voeari;
901 1990 994 2043 neque

90 2063 96 2071 ·
194 2043 296 2094 debere
311 2057 362 2092 nos
376 2039 527 2091 absterreri
543 2039 577 2089 ab
593 2055 627 2092 eo
640 2040 775 2106 legendo,
795 2043 869 2106 quod
881 2043 995 2108 iniquus
1037 2043 1064 2106 ,⁴1

149 2113 158 2132 “
194 2105 358 2162 christianis
372 2103 469 2169 luerit3
488 2112 517 2157 et
529 2106 637 2170 puerile
651 2119 727 2168 esse,
749 2106 944 2172 quodquidam
957 2109 994 2161 de

194 2173 363 2253 obscuritate
374 2171 461 2237 ipsius
473 2179 502 2222 et
511 2172 662 2248 asperitate
670 2176 888 2238 conquerentem
907 2177 936 2222 et
946 2172 995 2225 de-

192 2236 994 2377 attitiirtistlslbbtiiitititttiibttil
1030 2275 1034 2282 ’

236 2422 422 2482 avanti-2103.
432 2421 477 2468 IX.
488 2427 522 2468 st.

225 2541 236 2564 ⁰
267 2480 534 2584 flagitaturffialglosnzoaltroa
541 2480 566 2524 r'n
575 2479 669 2538 lenem
679 2481 740 2528 dacii
749 2493 846 2574 amores.

237 2537 258 2594 Ι)
284 2643 287 2650 ’
297 2591 329 2636 Et
338 2569 394 2636 nove
404 2551 538 2649 fistauusser
546 2591 661 2636 latebunt
670 2595 738 2638 verba
747 2593 828 2646 fidem.
843 2594 863 2638 si

217 2674 219 2678 f
301 2647 468 2704 Graecoforrte
476 2651 569 2700 eadent,
580 2662 654 2708 parte
663 2653 762 2718 detorta„
