2150 3012
86 193 91 204 ·
249 189 269 254 p
354 165 606 225 onnrroxvr.
828 177 876 230 ms

76 278 231 338 lescentes,
249 278 291 336 et,
310 271 335 324 si
345 271 411 352 quid
423 273 452 324 in
461 273 541 324 robis
551 273 669 324 Romani
679 279 834 344 sanguinis,
853 282 876 330 si

77 341 144 409 quid
154 341 246 392 avitae
262 340 372 390 virtutm
387 344 442 400 est,
463 339 614 391 incumbite
629 342 663 392 ed
674 356 733 393 eam
749 344 875 412 glorium,

76 422 148 477 quae
161 408 249 458 vestri
263 406 374 473 generis
390 419 422 456 ac
437 407 556 456 nominis
569 409 681 474 propria
692 418 751 470 est,
766 425 801 461 ex
811 411 877 466 alie·

75 489 174 527 nerum
189 472 311 540 gentium
326 472 451 524 monibus
468 473 694 540 extorquendam.
729 475 799 525 Mihi
819 477 893 528 ere-3

77 541 150 602 dite,
169 540 194 590 si
208 539 296 590 semel
314 539 423 606 penitus
442 537 583 590 imbibatis
605 539 633 590 id
652 537 831 607 perlleere*),
852 547 876 594 si

77 604 210 660 socordia
222 612 251 656 et
265 605 376 672 ignavia
391 605 485 656 velere
499 605 598 668 iussis,
618 609 726 658 naviter
740 623 808 676 opus
824 609 877 661 hoe

77 687 178 740 urgere
188 673 354 733 instituatis,
375 671 529 734 sisinnum,
545 672 700 736 utdicitur‚
714 677 875 738 mordeatis,

76 739 156 792 brevi
169 737 290 790 luturum
306 744 361 800 est,
381 753 436 788 non
450 738 534 788 modo
549 743 580 789 ut
589 753 676 806 nuper
685 742 786 792 amissa
797 757 876 794 orna·

77 812 170 858 mente
179 806 359 872 recuperetis,
371 805 420 856 sed
431 805 513 855 etiam
525 819 559 855 ea
567 807 674 874 magnis
685 822 717 857 ne
728 805 875 861 luculentis

78 873 286 924 accessionibus
299 870 486 938 locupletetis.
503 871 563 939 Ego
575 873 828 942 quidem,quoninm
841 876 876 926 od

78 953 145 1006 pure
165 946 194 990 et
213 937 357 990 emendate
374 937 554 1005 loquendum,
575 941 649 1006 quod
666 937 745 991 huius
765 943 876 992 eonsilii

78 1011 160 1073 atque
172 1005 275 1071 incepti
285 1003 491 1056 fundamentum
503 1010 558 1066 est,
575 1005 677 1058 nullius
689 1008 800 1059 omnino
811 1009 876 1059 libri

78 1071 226 1126 lectionem
247 1071 387 1125 utiliorem
423 1086 486 1122 uam
505 1072 685 1138 epistolarum
704 1073 738 1124 ud
757 1075 875 1126 Atticum

77 1139 185 1200 iudico,
201 1138 331 1205 quoniam
347 1153 394 1188 eas
404 1085 522 1188 {atinae
538 1139 649 1204 linguae
665 1139 799 1191 studiosis
815 1155 888 1208 per··

80 1205 255 1266 volutandus,
275 1204 400 1255 manibus
415 1210 497 1270 etque
517 1204 605 1254 oeulis
623 1207 818 1270 conterendas,
840 1207 875 1260 nd
941 1215 943 1220 '

80 1273 204 1332 uerbum,
224 1271 247 1322 si
259 1271 319 1321 lieri
330 1269 434 1336 possit,
455 1269 619 1320 ediscendas
634 1285 750 1336 censeo,
769 1273 876 1326 idcireo

7 1333 13 1342 '
79 1353 173 1391 earum
183 1335 440 1402 interpretationem
449 1335 572 1402 suscepi,
587 1335 656 1386 nihil
666 1338 770 1389 ueritus
780 1353 882 1392 eorum·

79 1403 244 1464 stultitiam,
260 1402 308 1468 qui
323 1402 452 1468 speciose
464 1401 577 1454 utilibus
600 1410 813 1470 anteponentes,
836 1407 877 1456 ite
977 1419 979 1428 ’

80 1485 135 1532 me,
147 1469 237 1537 quasi
256 1467 385 1536 quiddam
405 1467 486 1520 huius
500 1469 556 1521 loei
575 1472 741 1521 auctoritate
759 1470 876 1523 inferius

8 1579 10 1588 ,
78 1535 258 1604 susceperim,
269 1535 456 1586 criminantur.
492 1537 527 1587 At
535 1537 620 1587 iidem
629 1551 673 1586 nne
686 1537 876 1604 superioribus

79 1604 166 1664 annis,
181 1616 242 1654 eum
251 1600 410 1654 Aristotelis
421 1601 508 1654 libros
519 1602 553 1653 de
564 1602 696 1664 moribus,
704 1617 772 1655 ‘eum
783 1603 876 1655 Pluto·

79 1672 120 1722 nis
130 1669 218 1721 libros
229 1667 263 1720 de
273 1666 425 1736 republica,
433 1683 523 1740 nuper
533 1670 616 1720 etism
626 1683 687 1720 oum
698 1671 825 1722 Tacitum
835 1670 876 1720 in·

78 1743 257 1804 terpretarer,
277 1734 579 1798 itaculumniabantur,¹
595 1737 689 1804 quasi,
708 1737 819 1788 omissis
828 1737 874 1799 iis,

78 1819 149 1872 quae
158 1803 295 1855 iuventuti
307 1801 389 1853 utilio
397 1800 491 1852 forent
496 1800 553 1865 ses
563 1815 725 1870 quaererem
735 1817 768 1854 ro
778 1816 874 1855 eonse-

78 1877 183 1931 oterer,
197 1870 225 1922 in
232 1869 334 1998 quibus
344 1874 487 1921 ostentare
507 1881 552 1920 me
575 1875 604 1920 et
612 1869 756 1922 venditare
771 1870 874 1936 populo

78 1951 196 2004 possem.
258 1935 376 1988 uidistis
387 1935 501 1986 canibus
511 1933 615 1986 inclusi
633 1941 681 1986 aut
691 1937 831 2004 quomodo
844 1943 874 1987 te

8 2025 10 2054 :
79 2003 162 2055 aliter
204 2016 266 2054 uem
290 2007 449 2068 contemptu
473 2001 508 2052 ab
530 2015 626 2053 eorum
646 2001 795 2054 latratibus
817 2002 875 2054 vin·

79 2068 173 2124 dieesl
224 2069 347 2150 raeelpre
370 2067 550 2148 nlristoteles,
578 2069 734 2121 cumidem
756 2068 876 2120 ebullis

79 2151 191 2254 titis
203 2135 255 2264 αἲξ
277 2135 341 2254 tii
353 2136 499 2253 sitiit:
517 2133 875 2265 itiffliitntttiiit

79 2285 150 2321 nune
167 2273 198 2320 ut
207 2269 288 2319 nimis
303 2263 432 2320 sublimia
441 2274 593 2334 petentem,
614 2285 686 2320 nune
697 2275 728 2319 ut
745 2269 875 2320 meiusto

8 2355 9 2378 u
78 2333 195 2388 inierius
218 2335 407 2387 demittentem
432 2335 544 2400 culpare
566 2335 726 2398 instituunt,
752 2341 784 2386 ut
807 2331 877 2386 mihi

79 2403 190 2471 quidem
203 2408 260 2453 tum
277 2401 384 2452 demum
398 2401 519 2452 medium
534 2398 798 2464 secere**J'ridean‚
819 2399 876 2451 em·

79 2468 164 2522 ciunt.
199 2469 291 2536 Magis
310 2482 353 2520 me
368 2473 480 2534 movent
496 2467 623 2534 exemplu
635 2476 744 2528 eorum,
758 2467 806 2532 qui
818 2462 875 2516 mel

84 2631 87 2642 ι
122 2568 144 2622 ·)
157 2567 485 2634 clr.pmlipinetd301tr.si
496 2557 747 2620 inosmntpernmrs.
830 2617 835 2630 ¹

77 2624 146 2725 nil?
149 2623 193 2720 ‹1¹ss
202 2620 409 2728 iiiiii'liiii
416 2616 876 2730 ἷιῗῖὁῖἕῗιέῗτῖἕῗῗῗὸἓὶἷῂῖἷῖἳῖἰῗέ

110 2735 250 2788 Muses.
269 2735 326 2800 On.
346 2733 381 2783 ll.
479 2787 481 2794 ¹
630 2729 669 2810 Ι1(
