<?xml version="1.0" encoding="UTF-8"?>
<!DOCTYPE html PUBLIC "-//W3C//DTD XHTML 1.0 Transitional//EN"
    "http://www.w3.org/TR/xhtml1/DTD/xhtml1-transitional.dtd">
<html xmlns="http://www.w3.org/1999/xhtml" xml:lang="en" lang="en">
 <head>
  <title>
</title>
<meta http-equiv="Content-Type" content="text/html;charset=utf-8" />
  <meta name='ocr-system' content='tesseract 3.04.00' />
  <meta name='ocr-capabilities' content='ocr_page ocr_carea ocr_par ocr_line ocrx_word'/>
</head>
<body>
  <div class='ocr_page' id='page_1' title='image "./mantoniimuretie01muregoog_0161.png"; bbox 0 0 2150 3012; ppageno 0'>
   <div class='ocr_carea' id='block_1_1' title="bbox 85 469 228 534">
    <p class='ocr_par' dir='ltr' id='par_1_1' title="bbox 85 469 228 534">
     <span class='ocr_line' id='line_1_1' title="bbox 85 469 228 534; baseline -0.014 -13"><span class='ocrx_word' id='word_1_1' title='bbox 85 519 90 534; x_wconf 23' lang='grc' dir='ltr'>ι</span> <span class='ocrx_word' id='word_1_2' title='bbox 164 469 228 533; x_wconf 40' lang='lat' dir='ltr'>,ion</span> 
     </span>
    </p>
   </div>
   <div class='ocr_carea' id='block_1_2' title="bbox 185 165 709 222">
    <p class='ocr_par' dir='ltr' id='par_1_2' title="bbox 185 165 709 222">
     <span class='ocr_line' id='line_1_2' title="bbox 185 165 709 222; baseline -0.004 -2"><span class='ocrx_word' id='word_1_3' title='bbox 185 169 235 222; x_wconf 70' lang='lat' dir='ltr'>lfl</span> <span class='ocrx_word' id='word_1_4' title='bbox 459 167 611 220; x_wconf 67' lang='lat' dir='ltr'>onusto</span> <span class='ocrx_word' id='word_1_5' title='bbox 628 165 709 220; x_wconf 78' lang='lat' dir='ltr'>xvi.</span> 
     </span>
    </p>
   </div>
   <div class='ocr_carea' id='block_1_3' title="bbox 181 267 983 679">
    <p class='ocr_par' dir='ltr' id='par_1_3' title="bbox 181 267 983 679">
     <span class='ocr_line' id='line_1_3' title="bbox 182 267 982 334; baseline 0.001 -14"><span class='ocrx_word' id='word_1_6' title='bbox 182 267 287 322; x_wconf 90' lang='lat' dir='ltr'>dictum</span> <span class='ocrx_word' id='word_1_7' title='bbox 300 267 350 330; x_wconf 88' lang='lat' dir='ltr'>sit,</span> <span class='ocrx_word' id='word_1_8' title='bbox 369 267 482 321; x_wconf 74' lang='lat' dir='ltr'>illorum</span> <span class='ocrx_word' id='word_1_9' title='bbox 497 269 617 320; x_wconf 88' lang='lat' dir='ltr'>omnium</span> <span class='ocrx_word' id='word_1_10' title='bbox 634 268 746 334; x_wconf 87' lang='lat' dir='ltr'>scriptis</span> <span class='ocrx_word' id='word_1_11' title='bbox 757 281 890 334; x_wconf 75' lang='lat' dir='ltr'>asperum</span> <span class='ocrx_word' id='word_1_12' title='bbox 909 283 982 332; x_wconf 85' lang='lat' dir='ltr'>esse,</span> 
     </span>
     <span class='ocr_line' id='line_1_4' title="bbox 182 335 983 452; baseline 0.002 -66"><span class='ocrx_word' id='word_1_13' title='bbox 182 351 253 404; x_wconf 83' lang='lat' dir='ltr'>quae</span> <span class='ocrx_word' id='word_1_14' title='bbox 264 336 374 402; x_wconf 87' lang='lat' dir='ltr'>pianum</span> <span class='ocrx_word' id='word_1_15' title='bbox 382 335 501 416; x_wconf 67' lang='lat' dir='ltr'>faciant,</span> <span class='ocrx_word' id='word_1_16' title='bbox 514 336 582 387; x_wconf 89' lang='lat' dir='ltr'>illos</span> <span class='ocrx_word' id='word_1_17' title='bbox 592 335 694 413; x_wconf 77' lang='lat' dir='ltr'>vidisse</span> <span class='ocrx_word' id='word_1_18' title='bbox 705 335 815 401; x_wconf 86' lang='lat' dir='ltr'>quidem</span> <span class='ocrx_word' id='word_1_19' title='bbox 831 335 897 452; x_wconf 48' lang='lat' dir='ltr'>quid</span> <span class='ocrx_word' id='word_1_20' title='bbox 912 341 983 403; x_wconf 87' lang='lat' dir='ltr'>opti·</span> 
     </span>
     <span class='ocr_line' id='line_1_5' title="bbox 181 400 983 482; baseline 0 -29"><span class='ocrx_word' id='word_1_21' title='bbox 181 417 255 454; x_wconf 87' lang='lat' dir='ltr'>mum</span> <span class='ocrx_word' id='word_1_22' title='bbox 269 408 356 465; x_wconf 87' lang='lat' dir='ltr'>esset,</span> <span class='ocrx_word' id='word_1_23' title='bbox 377 409 406 482; x_wconf 72' lang='lat' dir='ltr'>et</span> <span class='ocrx_word' id='word_1_24' title='bbox 419 415 492 453; x_wconf 76' lang='lat' dir='ltr'>viam</span> <span class='ocrx_word' id='word_1_25' title='bbox 508 416 578 468; x_wconf 87' lang='lat' dir='ltr'>quae</span> <span class='ocrx_word' id='word_1_26' title='bbox 592 401 628 452; x_wconf 85' lang='lat' dir='ltr'>ad</span> <span class='ocrx_word' id='word_1_27' title='bbox 643 401 714 452; x_wconf 86' lang='lat' dir='ltr'>rllud</span> <span class='ocrx_word' id='word_1_28' title='bbox 732 400 820 452; x_wconf 79' lang='lat' dir='ltr'>ferret</span> <span class='ocrx_word' id='word_1_29' title='bbox 850 417 983 482; x_wconf 73' lang='lat' dir='ltr'>ngressos</span> 
     </span>
     <span class='ocr_line' id='line_1_6' title="bbox 181 467 982 600; baseline 0.001 -14"><span class='ocrx_word' id='word_1_30' title='bbox 181 468 543 597; x_wconf 41' lang='lat' dir='ltr'>simidicensi?</span> <span class='ocrx_word' id='word_1_31' title='bbox 558 467 982 600; x_wconf 59' lang='lat' dir='ltr'>litztstzlttzffltit</span> 
     </span>
     <span class='ocr_line' id='line_1_7' title="bbox 181 601 982 679; baseline 0 -27"><span class='ocrx_word' id='word_1_32' title='bbox 181 617 350 654; x_wconf 84' lang='lat' dir='ltr'>summorum</span> <span class='ocrx_word' id='word_1_33' title='bbox 363 603 484 652; x_wconf 78' lang='lat' dir='ltr'>virorum</span> <span class='ocrx_word' id='word_1_34' title='bbox 499 601 753 679; x_wconf 33' lang='lat' dir='ltr'>gioriaflquidquam</span> <span class='ocrx_word' id='word_1_35' title='bbox 767 606 916 668; x_wconf 85' lang='lat' dir='ltr'>propterea</span> <span class='ocrx_word' id='word_1_36' title='bbox 934 601 982 652; x_wconf 85' lang='lat' dir='ltr'>de·</span> 
     </span>
    </p>
   </div>
   <div class='ocr_carea' id='block_1_4' title="bbox 180 666 1070 802">
    <p class='ocr_par' dir='ltr' id='par_1_4' title="bbox 180 666 1070 802">
     <span class='ocr_line' id='line_1_8' title="bbox 181 666 1070 734; baseline -0.001 -15"><span class='ocrx_word' id='word_1_37' title='bbox 181 668 301 730; x_wconf 77' lang='lat' dir='ltr'><strong>traham,</strong></span> <span class='ocrx_word' id='word_1_38' title='bbox 322 682 391 734; x_wconf 88' lang='lat' dir='ltr'>quos</span> <span class='ocrx_word' id='word_1_39' title='bbox 411 673 440 717; x_wconf 88' lang='lat' dir='ltr'>et</span> <span class='ocrx_word' id='word_1_40' title='bbox 459 666 582 718; x_wconf 85' lang='lat' dir='ltr'>admiror</span> <span class='ocrx_word' id='word_1_41' title='bbox 595 681 655 732; x_wconf 87' lang='lat' dir='ltr'>spse</span> <span class='ocrx_word' id='word_1_42' title='bbox 673 674 702 718; x_wconf 91' lang='lat' dir='ltr'>et</span> <span class='ocrx_word' id='word_1_43' title='bbox 719 667 756 719; x_wconf 86' lang='lat' dir='ltr'>ad</span> <span class='ocrx_word' id='word_1_44' title='bbox 772 681 868 718; x_wconf 89' lang='lat' dir='ltr'>eorum</span> <span class='ocrx_word' id='word_1_45' title='bbox 886 681 980 733; x_wconf 86' lang='lat' dir='ltr'>perse·</span> <span class='ocrx_word' id='word_1_46' title='bbox 1069 685 1070 692; x_wconf 52' lang='lat'>¹</span> 
     </span>
     <span class='ocr_line' id='line_1_9' title="bbox 180 732 1070 802; baseline -0.004 -16"><span class='ocrx_word' id='word_1_47' title='bbox 180 735 290 802; x_wconf 84' lang='lat' dir='ltr'>quenda</span> <span class='ocrx_word' id='word_1_48' title='bbox 309 734 429 800; x_wconf 80' lang='lat' dir='ltr'>vestigia</span> <span class='ocrx_word' id='word_1_49' title='bbox 448 732 589 784; x_wconf 69' lang='lat' dir='ltr'>cohortari</span> <span class='ocrx_word' id='word_1_50' title='bbox 602 749 653 784; x_wconf 81' lang='lat' dir='ltr'>vos</span> <span class='ocrx_word' id='word_1_51' title='bbox 668 733 747 795; x_wconf 85' lang='lat' dir='ltr'>volo,</span> <span class='ocrx_word' id='word_1_52' title='bbox 767 733 817 784; x_wconf 90' lang='lat' dir='ltr'>sed</span> <span class='ocrx_word' id='word_1_53' title='bbox 832 739 862 784; x_wconf 89' lang='lat' dir='ltr'>ut</span> <span class='ocrx_word' id='word_1_54' title='bbox 879 733 982 785; x_wconf 76' lang='lat' dir='ltr'>intelli·</span> <span class='ocrx_word' id='word_1_55' title='bbox 1069 795 1070 802; x_wconf 9' lang='grc' dir='ltr'>ἵ</span> 
     </span>
    </p>
   </div>
   <div class='ocr_carea' id='block_1_5' title="bbox 155 799 1070 1383">
    <p class='ocr_par' dir='ltr' id='par_1_5' title="bbox 155 799 1070 1383">
     <span class='ocr_line' id='line_1_10' title="bbox 180 799 1070 916; baseline 0 -64"><span class='ocrx_word' id='word_1_56' title='bbox 180 801 266 867; x_wconf 75' lang='lat' dir='ltr'>gatis,</span> <span class='ocrx_word' id='word_1_57' title='bbox 286 800 397 850; x_wconf 90' lang='lat' dir='ltr'>nrinime</span> <span class='ocrx_word' id='word_1_58' title='bbox 408 799 550 880; x_wconf 72' lang='lat' dir='ltr'>uulgarem</span> <span class='ocrx_word' id='word_1_59' title='bbox 562 815 625 850; x_wconf 85' lang='lat' dir='ltr'>esse</span> <span class='ocrx_word' id='word_1_60' title='bbox 635 815 696 851; x_wconf 87' lang='lat' dir='ltr'>eam</span> <span class='ocrx_word' id='word_1_61' title='bbox 706 800 829 862; x_wconf 87' lang='lat' dir='ltr'>laudem,</span> <span class='ocrx_word' id='word_1_62' title='bbox 847 815 927 916; x_wconf 51' lang='lat' dir='ltr'>Suam</span> <span class='ocrx_word' id='word_1_63' title='bbox 938 806 981 852; x_wconf 85' lang='lat' dir='ltr'>tot</span> <span class='ocrx_word' id='word_1_64' title='bbox 1069 813 1070 838; x_wconf 63' lang='lat' dir='ltr'>i</span> 
     </span>
     <span class='ocr_line' id='line_1_11' title="bbox 180 866 981 935; baseline 0 -17"><span class='ocrx_word' id='word_1_65' title='bbox 180 881 214 920; x_wconf 81' lang='lat' dir='ltr'>ae</span> <span class='ocrx_word' id='word_1_66' title='bbox 227 867 300 918; x_wconf 84' lang='lat' dir='ltr'>tales</span> <span class='ocrx_word' id='word_1_67' title='bbox 313 867 379 928; x_wconf 81' lang='lat' dir='ltr'>riri,</span> <span class='ocrx_word' id='word_1_68' title='bbox 398 873 483 917; x_wconf 75' lang='lat' dir='ltr'>tantis</span> <span class='ocrx_word' id='word_1_69' title='bbox 500 866 643 918; x_wconf 71' lang='lat' dir='ltr'>laboribus</span> <span class='ocrx_word' id='word_1_70' title='bbox 656 872 789 934; x_wconf 88' lang='lat' dir='ltr'>tantoque</span> <span class='ocrx_word' id='word_1_71' title='bbox 798 873 847 917; x_wconf 83' lang='lat' dir='ltr'>stu</span> <span class='ocrx_word' id='word_1_72' title='bbox 867 869 910 930; x_wconf 91' lang='lat' dir='ltr'>io,</span> <span class='ocrx_word' id='word_1_73' title='bbox 923 867 981 935; x_wconf 88' lang='lat' dir='ltr'>ple·</span> 
     </span>
     <span class='ocr_line' id='line_1_12' title="bbox 180 933 982 1001; baseline -0.001 -15"><span class='ocrx_word' id='word_1_74' title='bbox 180 947 243 986; x_wconf 80' lang='lat' dir='ltr'>nem</span> <span class='ocrx_word' id='word_1_75' title='bbox 253 939 346 984; x_wconf 86' lang='lat' dir='ltr'>tumen</span> <span class='ocrx_word' id='word_1_76' title='bbox 357 947 390 984; x_wconf 83' lang='lat' dir='ltr'>ac</span> <span class='ocrx_word' id='word_1_77' title='bbox 399 933 517 984; x_wconf 82' lang='lat' dir='ltr'>solidam</span> <span class='ocrx_word' id='word_1_78' title='bbox 528 935 662 1001; x_wconf 72' lang='lat' dir='ltr'><strong>consequi</strong></span> <span class='ocrx_word' id='word_1_79' title='bbox 672 947 727 984; x_wconf 89' lang='lat' dir='ltr'>non</span> <span class='ocrx_word' id='word_1_80' title='bbox 736 934 884 1000; x_wconf 77' lang='lat' dir='ltr'>potuerint</span> <span class='ocrx_word' id='word_1_81' title='bbox 902 933 982 985; x_wconf 83' lang='lat' dir='ltr'>Nune</span> 
     </span>
     <span class='ocr_line' id='line_1_13' title="bbox 181 998 980 1068; baseline 0 -18"><span class='ocrx_word' id='word_1_82' title='bbox 181 998 256 1066; x_wconf 86' lang='lat' dir='ltr'>quod</span> <span class='ocrx_word' id='word_1_83' title='bbox 264 1000 388 1051; x_wconf 87' lang='lat' dir='ltr'>dicturus</span> <span class='ocrx_word' id='word_1_84' title='bbox 397 1015 467 1062; x_wconf 85' lang='lat' dir='ltr'>sum,</span> <span class='ocrx_word' id='word_1_85' title='bbox 477 1001 563 1052; x_wconf 88' lang='lat' dir='ltr'>nolim</span> <span class='ocrx_word' id='word_1_86' title='bbox 575 1016 592 1052; x_wconf 86' lang='lat' dir='ltr'>a</span> <span class='ocrx_word' id='word_1_87' title='bbox 601 1015 739 1067; x_wconf 83' lang='lat' dir='ltr'>quoquam</span> <span class='ocrx_word' id='word_1_88' title='bbox 745 1001 841 1052; x_wconf 70' lang='lat' dir='ltr'>dumus</span> <span class='ocrx_word' id='word_1_89' title='bbox 849 1002 939 1068; x_wconf 86' lang='lat' dir='ltr'>accipi</span> <span class='ocrx_word' id='word_1_90' title='bbox 944 1007 958 1033; x_wconf 68' lang='lat'>⁴*</span> <span class='ocrx_word' id='word_1_91' title='bbox 960 1007 980 1063; x_wconf 72' lang='lat' dir='ltr'>l,</span> 
     </span>
     <span class='ocr_line' id='line_1_14' title="bbox 181 1066 981 1134; baseline 0.003 -16"><span class='ocrx_word' id='word_1_92' title='bbox 181 1067 232 1118; x_wconf 84' lang='lat' dir='ltr'>red</span> <span class='ocrx_word' id='word_1_93' title='bbox 245 1067 286 1116; x_wconf 85' lang='lat' dir='ltr'>ita</span> <span class='ocrx_word' id='word_1_94' title='bbox 297 1067 403 1132; x_wconf 86' lang='lat' dir='ltr'>potius,</span> <span class='ocrx_word' id='word_1_95' title='bbox 418 1073 450 1118; x_wconf 89' lang='lat' dir='ltr'>ut</span> <span class='ocrx_word' id='word_1_96' title='bbox 459 1066 614 1132; x_wconf 79' lang='lat' dir='ltr'>proiectum</span> <span class='ocrx_word' id='word_1_97' title='bbox 625 1069 660 1117; x_wconf 80' lang='lat' dir='ltr'>ab</span> <span class='ocrx_word' id='word_1_98' title='bbox 671 1068 776 1133; x_wconf 86' lang='lat' dir='ltr'>optimo</span> <span class='ocrx_word' id='word_1_99' title='bbox 787 1081 914 1134; x_wconf 80' lang='lat' dir='ltr'>ergavos</span> <span class='ocrx_word' id='word_1_100' title='bbox 924 1070 981 1120; x_wconf 85' lang='lat' dir='ltr'>ani·</span> 
     </span>
     <span class='ocr_line' id='line_1_15' title="bbox 180 1133 980 1200; baseline 0.003 -16"><span class='ocrx_word' id='word_1_101' title='bbox 180 1146 226 1184; x_wconf 80' lang='lat' dir='ltr'>mo</span> <span class='ocrx_word' id='word_1_102' title='bbox 241 1139 270 1185; x_wconf 86' lang='lat' dir='ltr'>et</span> <span class='ocrx_word' id='word_1_103' title='bbox 280 1149 297 1184; x_wconf 87' lang='lat' dir='ltr'>a</span> <span class='ocrx_word' id='word_1_104' title='bbox 306 1134 442 1200; x_wconf 76' lang='lat' dir='ltr'><strong>singulari</strong></span> <span class='ocrx_word' id='word_1_105' title='bbox 455 1135 572 1200; x_wconf 84' lang='lat' dir='ltr'>quadum</span> <span class='ocrx_word' id='word_1_106' title='bbox 587 1147 649 1186; x_wconf 83' lang='lat' dir='ltr'>urea</span> <span class='ocrx_word' id='word_1_107' title='bbox 663 1149 731 1200; x_wconf 84' lang='lat' dir='ltr'>erga</span> <span class='ocrx_word' id='word_1_108' title='bbox 742 1149 843 1184; x_wconf 90' lang='lat' dir='ltr'>nomeu</span> <span class='ocrx_word' id='word_1_109' title='bbox 855 1133 980 1186; x_wconf 83' lang='lat' dir='ltr'>italicum</span> 
     </span>
     <span class='ocr_line' id='line_1_16' title="bbox 155 1199 981 1266; baseline 0.005 -16"><span class='ocrx_word' id='word_1_110' title='bbox 155 1225 157 1228; x_wconf 96' lang='lat'>·</span> <span class='ocrx_word' id='word_1_111' title='bbox 181 1199 333 1251; x_wconf 80' lang='lat' dir='ltr'>voluntate.</span> <span class='ocrx_word' id='word_1_112' title='bbox 377 1202 431 1261; x_wconf 74' lang='lat' dir='ltr'>Qui</span> <span class='ocrx_word' id='word_1_113' title='bbox 454 1201 527 1252; x_wconf 80' lang='lat' dir='ltr'>enim</span> <span class='ocrx_word' id='word_1_114' title='bbox 550 1204 579 1252; x_wconf 92' lang='lat' dir='ltr'>in</span> <span class='ocrx_word' id='word_1_115' title='bbox 602 1200 684 1252; x_wconf 80' lang='lat' dir='ltr'>italia</span> <span class='ocrx_word' id='word_1_116' title='bbox 705 1201 809 1251; x_wconf 85' lang='lat' dir='ltr'>diutius</span> <span class='ocrx_word' id='word_1_117' title='bbox 832 1201 981 1266; x_wconf 83' lang='lat' dir='ltr'>aliquando</span> 
     </span>
     <span class='ocr_line' id='line_1_17' title="bbox 181 1265 982 1383; baseline 0.002 -67"><span class='ocrx_word' id='word_1_118' title='bbox 181 1280 262 1383; x_wconf 56' lang='lat' dir='ltr'><strong><em>w</em></strong></span> <span class='ocrx_word' id='word_1_119' title='bbox 272 1267 300 1316; x_wconf 92' lang='lat' dir='ltr'>in</span> <span class='ocrx_word' id='word_1_120' title='bbox 311 1267 416 1329; x_wconf 81' lang='lat' dir='ltr'>Gallia,</span> <span class='ocrx_word' id='word_1_121' title='bbox 431 1268 477 1318; x_wconf 83' lang='lat' dir='ltr'>ubi</span> <span class='ocrx_word' id='word_1_122' title='bbox 489 1274 655 1330; x_wconf 86' lang='lat' dir='ltr'>natussum,</span> <span class='ocrx_word' id='word_1_123' title='bbox 669 1267 799 1330; x_wconf 76' lang='lat' dir='ltr'>vixerim,</span> <span class='ocrx_word' id='word_1_124' title='bbox 815 1273 844 1317; x_wconf 86' lang='lat' dir='ltr'>et</span> <span class='ocrx_word' id='word_1_125' title='bbox 857 1268 911 1318; x_wconf 85' lang='lat' dir='ltr'>ianr</span> <span class='ocrx_word' id='word_1_126' title='bbox 926 1265 982 1334; x_wconf 88' lang='lat' dir='ltr'>pri·</span> 
     </span>
    </p>
   </div>
   <div class='ocr_carea' id='block_1_6' title="bbox 254 1332 1070 1398">
    <p class='ocr_par' dir='ltr' id='par_1_6' title="bbox 254 1332 1070 1398">
     <span class='ocr_line' id='line_1_18' title="bbox 254 1332 1070 1398; baseline 0.004 -15"><span class='ocrx_word' id='word_1_127' title='bbox 254 1333 283 1384; x_wconf 91' lang='lat' dir='ltr'>in</span> <span class='ocrx_word' id='word_1_128' title='bbox 294 1332 345 1385; x_wconf 85' lang='lat' dir='ltr'>hac</span> <span class='ocrx_word' id='word_1_129' title='bbox 356 1335 432 1386; x_wconf 90' lang='lat' dir='ltr'>orbis</span> <span class='ocrx_word' id='word_1_130' title='bbox 441 1341 579 1386; x_wconf 68' lang='lat' dir='ltr'>merorum</span> <span class='ocrx_word' id='word_1_131' title='bbox 589 1335 764 1386; x_wconf 84' lang='lat' dir='ltr'>nobilissima</span> <span class='ocrx_word' id='word_1_132' title='bbox 773 1333 841 1385; x_wconf 83' lang='lat' dir='ltr'>urbe</span> <span class='ocrx_word' id='word_1_133' title='bbox 850 1334 934 1386; x_wconf 85' lang='lat' dir='ltr'>sedes</span> <span class='ocrx_word' id='word_1_134' title='bbox 948 1349 980 1398; x_wconf 73' lang='lat' dir='ltr'>at</span> <span class='ocrx_word' id='word_1_135' title='bbox 1059 1345 1070 1364; x_wconf 68' lang='lat'><em>⁴</em></span> 
     </span>
    </p>
   </div>
   <div class='ocr_carea' id='block_1_7' title="bbox 180 1399 982 1670">
    <p class='ocr_par' dir='ltr' id='par_1_7' title="bbox 180 1399 982 1670">
     <span class='ocr_line' id='line_1_19' title="bbox 182 1399 981 1468; baseline -0.001 -15"><span class='ocrx_word' id='word_1_136' title='bbox 182 1400 353 1453; x_wconf 81' lang='lat' dir='ltr'>domicilium</span> <span class='ocrx_word' id='word_1_137' title='bbox 365 1401 541 1464; x_wconf 70' lang='lat' dir='ltr'>collocarint,</span> <span class='ocrx_word' id='word_1_138' title='bbox 560 1399 655 1452; x_wconf 82' lang='lat' dir='ltr'>facere</span> <span class='ocrx_word' id='word_1_139' title='bbox 669 1412 757 1468; x_wconf 88' lang='lat' dir='ltr'>neque</span> <span class='ocrx_word' id='word_1_140' title='bbox 768 1414 881 1468; x_wconf 87' lang='lat' dir='ltr'>possum</span> <span class='ocrx_word' id='word_1_141' title='bbox 891 1415 981 1468; x_wconf 83' lang='lat' dir='ltr'>neque</span> 
     </span>
     <span class='ocr_line' id='line_1_20' title="bbox 182 1466 982 1535; baseline 0 -15"><span class='ocrx_word' id='word_1_142' title='bbox 182 1467 288 1531; x_wconf 90' lang='lat' dir='ltr'>debeo,</span> <span class='ocrx_word' id='word_1_143' title='bbox 304 1468 372 1534; x_wconf 19' lang='lat' dir='ltr'>,quin</span> <span class='ocrx_word' id='word_1_144' title='bbox 390 1473 419 1518; x_wconf 93' lang='lat' dir='ltr'>et</span> <span class='ocrx_word' id='word_1_145' title='bbox 428 1467 536 1518; x_wconf 88' lang='lat' dir='ltr'>italiam</span> <span class='ocrx_word' id='word_1_146' title='bbox 550 1474 578 1519; x_wconf 90' lang='lat' dir='ltr'>et</span> <span class='ocrx_word' id='word_1_147' title='bbox 592 1471 741 1535; x_wconf 74' lang='lat' dir='ltr'>praecipue</span> <span class='ocrx_word' id='word_1_148' title='bbox 756 1469 851 1519; x_wconf 87' lang='lat' dir='ltr'>urbem</span> <span class='ocrx_word' id='word_1_149' title='bbox 865 1466 982 1520; x_wconf 71' lang='lat' dir='ltr'>Romam</span> 
     </span>
     <span class='ocr_line' id='line_1_21' title="bbox 181 1534 981 1601; baseline 0.003 -18"><span class='ocrx_word' id='word_1_150' title='bbox 181 1535 244 1600; x_wconf 81' lang='lat' dir='ltr'>pari</span> <span class='ocrx_word' id='word_1_151' title='bbox 253 1549 285 1585; x_wconf 81' lang='lat' dir='ltr'>ac</span> <span class='ocrx_word' id='word_1_152' title='bbox 295 1537 412 1600; x_wconf 87' lang='lat' dir='ltr'>patriam</span> <span class='ocrx_word' id='word_1_153' title='bbox 422 1534 527 1601; x_wconf 83' lang='lat' dir='ltr'>pietate</span> <span class='ocrx_word' id='word_1_154' title='bbox 538 1549 571 1586; x_wconf 90' lang='lat' dir='ltr'>ac</span> <span class='ocrx_word' id='word_1_155' title='bbox 582 1536 676 1586; x_wconf 89' lang='lat' dir='ltr'>studio</span> <span class='ocrx_word' id='word_1_156' title='bbox 687 1536 786 1588; x_wconf 82' lang='lat' dir='ltr'>colum.</span> <span class='ocrx_word' id='word_1_157' title='bbox 820 1535 913 1586; x_wconf 83' lang='lat' dir='ltr'>Doleo</span> <span class='ocrx_word' id='word_1_158' title='bbox 929 1534 981 1601; x_wconf 77' lang='lat' dir='ltr'>igi·</span> 
     </span>
     <span class='ocr_line' id='line_1_22' title="bbox 180 1603 982 1670; baseline 0.001 -18"><span class='ocrx_word' id='word_1_159' title='bbox 180 1607 228 1652; x_wconf 87' lang='lat' dir='ltr'>tur</span> <span class='ocrx_word' id='word_1_160' title='bbox 245 1613 275 1651; x_wconf 87' lang='lat' dir='ltr'>et</span> <span class='ocrx_word' id='word_1_161' title='bbox 292 1603 437 1668; x_wconf 78' lang='lat' dir='ltr'>indignor,</span> <span class='ocrx_word' id='word_1_162' title='bbox 460 1617 521 1654; x_wconf 90' lang='lat' dir='ltr'>cum</span> <span class='ocrx_word' id='word_1_163' title='bbox 535 1617 607 1670; x_wconf 83' lang='lat' dir='ltr'>quae</span> <span class='ocrx_word' id='word_1_164' title='bbox 622 1603 697 1666; x_wconf 91' lang='lat' dir='ltr'>laus,</span> <span class='ocrx_word' id='word_1_165' title='bbox 717 1609 814 1654; x_wconf 85' lang='lat' dir='ltr'>nostra</span> <span class='ocrx_word' id='word_1_166' title='bbox 825 1616 859 1654; x_wconf 83' lang='lat' dir='ltr'>sc</span> <span class='ocrx_word' id='word_1_167' title='bbox 873 1608 982 1668; x_wconf 77' lang='lat' dir='ltr'>patrum</span> 
     </span>
    </p>
   </div>
   <div class='ocr_carea' id='block_1_8' title="bbox 180 1667 1069 1736">
    <p class='ocr_par' dir='ltr' id='par_1_8' title="bbox 180 1667 1069 1736">
     <span class='ocr_line' id='line_1_23' title="bbox 180 1667 1069 1736; baseline 0 -18"><span class='ocrx_word' id='word_1_168' title='bbox 180 1669 327 1730; x_wconf 84' lang='lat' dir='ltr'>memoria,</span> <span class='ocrx_word' id='word_1_169' title='bbox 342 1671 466 1736; x_wconf 87' lang='lat' dir='ltr'>propria,</span> <span class='ocrx_word' id='word_1_170' title='bbox 486 1679 517 1720; x_wconf 87' lang='lat' dir='ltr'>ut</span> <span class='ocrx_word' id='word_1_171' title='bbox 526 1670 597 1732; x_wconf 83' lang='lat' dir='ltr'>dixi,</span> <span class='ocrx_word' id='word_1_172' title='bbox 613 1671 745 1722; x_wconf 86' lang='lat' dir='ltr'>italorum</span> <span class='ocrx_word' id='word_1_173' title='bbox 755 1669 821 1730; x_wconf 83' lang='lat' dir='ltr'>tuit,</span> <span class='ocrx_word' id='word_1_174' title='bbox 839 1676 870 1719; x_wconf 93' lang='lat' dir='ltr'>ut</span> <span class='ocrx_word' id='word_1_175' title='bbox 880 1667 935 1718; x_wconf 85' lang='lat' dir='ltr'>soli</span> <span class='ocrx_word' id='word_1_176' title='bbox 945 1681 982 1721; x_wconf 79' lang='lat' dir='ltr'>ex</span> <span class='ocrx_word' id='word_1_177' title='bbox 1061 1709 1069 1718; x_wconf 94' lang='lat'>.</span> 
     </span>
    </p>
   </div>
   <div class='ocr_carea' id='block_1_9' title="bbox 180 1734 981 2004">
    <p class='ocr_par' dir='ltr' id='par_1_9' title="bbox 180 1734 981 2004">
     <span class='ocr_line' id='line_1_24' title="bbox 181 1734 980 1804; baseline -0.003 -18"><span class='ocrx_word' id='word_1_178' title='bbox 181 1734 308 1786; x_wconf 85' lang='lat' dir='ltr'>omnibus</span> <span class='ocrx_word' id='word_1_179' title='bbox 319 1735 419 1786; x_wconf 55' lang='lat' dir='ltr'>[latina</span> <span class='ocrx_word' id='word_1_180' title='bbox 433 1736 528 1804; x_wconf 83' lang='lat' dir='ltr'>lingua</span> <span class='ocrx_word' id='word_1_181' title='bbox 541 1739 631 1803; x_wconf 86' lang='lat' dir='ltr'>perite</span> <span class='ocrx_word' id='word_1_182' title='bbox 646 1753 679 1788; x_wconf 83' lang='lat' dir='ltr'>ac</span> <span class='ocrx_word' id='word_1_183' title='bbox 693 1738 815 1788; x_wconf 81' lang='lat' dir='ltr'>scienter</span> <span class='ocrx_word' id='word_1_184' title='bbox 828 1741 980 1796; x_wconf 87' lang='lat' dir='ltr'>uterentur,</span> 
     </span>
     <span class='ocr_line' id='line_1_25' title="bbox 181 1803 981 1872; baseline 0.004 -21"><span class='ocrx_word' id='word_1_185' title='bbox 181 1813 243 1850; x_wconf 83' lang='lat' dir='ltr'>eam</span> <span class='ocrx_word' id='word_1_186' title='bbox 258 1817 329 1853; x_wconf 87' lang='lat' dir='ltr'>nune</span> <span class='ocrx_word' id='word_1_187' title='bbox 342 1804 383 1853; x_wconf 89' lang='lat' dir='ltr'>ita</span> <span class='ocrx_word' id='word_1_188' title='bbox 396 1803 570 1856; x_wconf 76' lang='lat' dir='ltr'>obsolevisse</span> <span class='ocrx_word' id='word_1_189' title='bbox 580 1819 613 1856; x_wconf 87' lang='lat' dir='ltr'>ac</span> <span class='ocrx_word' id='word_1_190' title='bbox 624 1805 823 1872; x_wconf 78' lang='lat' dir='ltr'>propemodum</span> <span class='ocrx_word' id='word_1_191' title='bbox 835 1803 981 1854; x_wconf 75' lang='lat' dir='ltr'>evanuisse</span> 
     </span>
     <span class='ocr_line' id='line_1_26' title="bbox 180 1867 981 1937; baseline 0.002 -21"><span class='ocrx_word' id='word_1_192' title='bbox 180 1867 277 1930; x_wconf 83' lang='lat' dir='ltr'>video,</span> <span class='ocrx_word' id='word_1_193' title='bbox 292 1870 379 1921; x_wconf 71' lang='lat' dir='ltr'>vinut</span> <span class='ocrx_word' id='word_1_194' title='bbox 388 1871 442 1920; x_wconf 82' lang='lat' dir='ltr'>iam</span> <span class='ocrx_word' id='word_1_195' title='bbox 450 1875 513 1922; x_wconf 81' lang='lat' dir='ltr'>tota</span> <span class='ocrx_word' id='word_1_196' title='bbox 522 1872 604 1922; x_wconf 85' lang='lat' dir='ltr'>ltalia</span> <span class='ocrx_word' id='word_1_197' title='bbox 613 1873 694 1937; x_wconf 89' lang='lat' dir='ltr'>pauci</span> <span class='ocrx_word' id='word_1_198' title='bbox 704 1872 814 1937; x_wconf 87' lang='lat' dir='ltr'>quidam</span> <span class='ocrx_word' id='word_1_199' title='bbox 825 1883 916 1930; x_wconf 87' lang='lat' dir='ltr'>senes,</span> <span class='ocrx_word' id='word_1_200' title='bbox 930 1869 981 1934; x_wconf 74' lang='lat' dir='ltr'>qui</span> 
     </span>
     <span class='ocr_line' id='line_1_27' title="bbox 180 1937 980 2004; baseline 0 -20"><span class='ocrx_word' id='word_1_201' title='bbox 180 1947 240 1985; x_wconf 86' lang='lat' dir='ltr'>esm</span> <span class='ocrx_word' id='word_1_202' title='bbox 254 1942 394 2004; x_wconf 82' lang='lat' dir='ltr'>utcunque</span> <span class='ocrx_word' id='word_1_203' title='bbox 408 1938 576 1999; x_wconf 78' lang='lat' dir='ltr'>sustineant,</span> <span class='ocrx_word' id='word_1_204' title='bbox 592 1939 774 2002; x_wconf 78' lang='lat' dir='ltr'>reperiantur.</span> <span class='ocrx_word' id='word_1_205' title='bbox 808 1937 920 1986; x_wconf 79' lang='lat' dir='ltr'>interea</span> <span class='ocrx_word' id='word_1_206' title='bbox 934 1948 980 1985; x_wconf 78' lang='lat' dir='ltr'>er·</span> 
     </span>
    </p>
   </div>
   <div class='ocr_carea' id='block_1_10' title="bbox 178 2001 1067 2069">
    <p class='ocr_par' dir='ltr' id='par_1_10' title="bbox 178 2001 1067 2069">
     <span class='ocr_line' id='line_1_28' title="bbox 178 2001 1067 2069; baseline 0 -17"><span class='ocrx_word' id='word_1_207' title='bbox 178 2007 256 2054; x_wconf 81' lang='lat' dir='ltr'>teras</span> <span class='ocrx_word' id='word_1_208' title='bbox 267 2005 405 2064; x_wconf 68' lang='lat' dir='ltr'>canones,</span> <span class='ocrx_word' id='word_1_209' title='bbox 421 2009 458 2064; x_wconf 85' lang='lat' dir='ltr'>et,</span> <span class='ocrx_word' id='word_1_210' title='bbox 468 2010 499 2054; x_wconf 88' lang='lat' dir='ltr'>ut</span> <span class='ocrx_word' id='word_1_211' title='bbox 508 2004 591 2069; x_wconf 78' lang='lat' dir='ltr'>vulgo</span> <span class='ocrx_word' id='word_1_212' title='bbox 601 2004 630 2052; x_wconf 90' lang='lat' dir='ltr'>in</span> <span class='ocrx_word' id='word_1_213' title='bbox 641 2002 723 2052; x_wconf 84' lang='lat' dir='ltr'>ltalia</span> <span class='ocrx_word' id='word_1_214' title='bbox 733 2007 872 2063; x_wconf 82' lang='lat' dir='ltr'>vocantur,</span> <span class='ocrx_word' id='word_1_215' title='bbox 882 2001 981 2053; x_wconf 77' lang='lat' dir='ltr'>bar&#39;ba·</span> <span class='ocrx_word' id='word_1_216' title='bbox 1058 2043 1067 2068; x_wconf 65' lang='lat'>,</span> 
     </span>
    </p>
   </div>
   <div class='ocr_carea' id='block_1_11' title="bbox 102 2067 980 2467">
    <p class='ocr_par' dir='ltr' id='par_1_11' title="bbox 176 2067 980 2333">
     <span class='ocr_line' id='line_1_29' title="bbox 178 2067 979 2134; baseline -0.001 -16"><span class='ocrx_word' id='word_1_217' title='bbox 178 2081 227 2119; x_wconf 85' lang='lat' dir='ltr'>ree</span> <span class='ocrx_word' id='word_1_218' title='bbox 238 2067 309 2120; x_wconf 83' lang='lat' dir='ltr'>hanc</span> <span class='ocrx_word' id='word_1_219' title='bbox 338 2070 526 2120; x_wconf 85' lang='lat' dir='ltr'>ossessionem</span> <span class='ocrx_word' id='word_1_220' title='bbox 536 2070 654 2134; x_wconf 82' lang='lat' dir='ltr'>gloriae,</span> <span class='ocrx_word' id='word_1_221' title='bbox 663 2073 801 2130; x_wconf 83' lang='lat' dir='ltr'>tamquam</span> <span class='ocrx_word' id='word_1_222' title='bbox 811 2080 829 2114; x_wconf 84' lang='lat' dir='ltr'>a</span> <span class='ocrx_word' id='word_1_223' title='bbox 839 2067 917 2116; x_wconf 81' lang='lat' dir='ltr'>vobis</span> <span class='ocrx_word' id='word_1_224' title='bbox 926 2079 979 2130; x_wconf 87' lang='lat' dir='ltr'>pro</span> 
     </span>
     <span class='ocr_line' id='line_1_30' title="bbox 178 2086 979 2198; baseline -0.004 -14"><span class='ocrx_word' id='word_1_225' title='bbox 178 2086 456 2194; x_wconf 45' lang='lat' dir='ltr'>derelictasssbitam,</span> <span class='ocrx_word' id='word_1_226' title='bbox 477 2142 658 2198; x_wconf 85' lang='lat' dir='ltr'>occuparunt,</span> <span class='ocrx_word' id='word_1_227' title='bbox 675 2131 979 2196; x_wconf 85' lang='lat' dir='ltr'>iamquenonobscure</span> 
     </span>
     <span class='ocr_line' id='line_1_31' title="bbox 178 2195 980 2266; baseline -0.006 -16"><span class='ocrx_word' id='word_1_228' title='bbox 178 2199 295 2251; x_wconf 84' lang='lat' dir='ltr'>Latinae</span> <span class='ocrx_word' id='word_1_229' title='bbox 311 2200 423 2266; x_wconf 80' lang='lat' dir='ltr'>linguae</span> <span class='ocrx_word' id='word_1_230' title='bbox 438 2215 517 2250; x_wconf 88' lang='lat' dir='ltr'>usum</span> <span class='ocrx_word' id='word_1_231' title='bbox 530 2207 559 2250; x_wconf 92' lang='lat' dir='ltr'>et</span> <span class='ocrx_word' id='word_1_232' title='bbox 572 2197 785 2264; x_wconf 81' lang='lat' dir='ltr'>intelligentiam</span> <span class='ocrx_word' id='word_1_233' title='bbox 796 2195 931 2261; x_wconf 82' lang='lat' dir='ltr'>migrasse</span> <span class='ocrx_word' id='word_1_234' title='bbox 942 2196 980 2251; x_wconf 79' lang='lat' dir='ltr'>ad</span> 
     </span>
     <span class='ocr_line' id='line_1_32' title="bbox 176 2262 979 2333; baseline -0.012 -15"><span class='ocrx_word' id='word_1_235' title='bbox 176 2279 218 2327; x_wconf 90' lang='lat' dir='ltr'>se,</span> <span class='ocrx_word' id='word_1_236' title='bbox 231 2265 430 2328; x_wconf 84' lang='lat' dir='ltr'>relictaitalia,</span> <span class='ocrx_word' id='word_1_237' title='bbox 445 2265 609 2333; x_wconf 78' lang='lat' dir='ltr'>gloriantur.</span> <span class='ocrx_word' id='word_1_238' title='bbox 643 2265 723 2315; x_wconf 76' lang='lat' dir='ltr'>llam</span> <span class='ocrx_word' id='word_1_239' title='bbox 735 2277 785 2313; x_wconf 85' lang='lat' dir='ltr'>ros</span> <span class='ocrx_word' id='word_1_240' title='bbox 795 2267 897 2312; x_wconf 80' lang='lat' dir='ltr'>tantum</span> <span class='ocrx_word' id='word_1_241' title='bbox 907 2262 979 2314; x_wconf 86' lang='lat' dir='ltr'>indi.</span> 
     </span>
    </p>

    <p class='ocr_par' dir='ltr' id='par_1_12' title="bbox 102 2330 978 2467">
     <span class='ocr_line' id='line_1_33' title="bbox 148 2330 977 2400; baseline 0.005 -22"><span class='ocrx_word' id='word_1_242' title='bbox 148 2373 151 2378; x_wconf 88' lang='lat'><em>.</em></span> <span class='ocrx_word' id='word_1_243' title='bbox 176 2330 311 2398; x_wconf 75' lang='lat' dir='ltr'>gnitatenr</span> <span class='ocrx_word' id='word_1_244' title='bbox 321 2331 420 2384; x_wconf 78' lang='lat' dir='ltr'>feretis</span> <span class='ocrx_word' id='word_1_245' title='bbox 430 2346 520 2400; x_wconf 86' lang='lat' dir='ltr'>aequo</span> <span class='ocrx_word' id='word_1_246' title='bbox 531 2333 633 2393; x_wconf 85' lang='lat' dir='ltr'>enimc,</span> <span class='ocrx_word' id='word_1_247' title='bbox 644 2332 768 2391; x_wconf 75' lang='lat' dir='ltr'>iuuenes,</span> <span class='ocrx_word' id='word_1_248' title='bbox 780 2343 813 2380; x_wconf 82' lang='lat' dir='ltr'>ae</span> <span class='ocrx_word' id='word_1_249' title='bbox 821 2344 875 2379; x_wconf 83' lang='lat' dir='ltr'>nou</span> <span class='ocrx_word' id='word_1_250' title='bbox 883 2330 977 2396; x_wconf 82' lang='lat' dir='ltr'>potius</span> 
     </span>
     <span class='ocr_line' id='line_1_34' title="bbox 102 2395 978 2467; baseline 0.003 -20"><span class='ocrx_word' id='word_1_251' title='bbox 102 2411 107 2419; x_wconf 86' lang='grc'><em>·</em></span> <span class='ocrx_word' id='word_1_252' title='bbox 177 2409 273 2448; x_wconf 88' lang='lat' dir='ltr'>omnes</span> <span class='ocrx_word' id='word_1_253' title='bbox 284 2413 385 2451; x_wconf 75' lang='lat' dir='ltr'>nervos</span> <span class='ocrx_word' id='word_1_254' title='bbox 396 2400 502 2467; x_wconf 81' lang='lat' dir='ltr'>ingenii</span> <span class='ocrx_word' id='word_1_255' title='bbox 513 2397 703 2461; x_wconf 88' lang='lat' dir='ltr'>contendetis,</span> <span class='ocrx_word' id='word_1_256' title='bbox 718 2403 750 2448; x_wconf 90' lang='lat' dir='ltr'>ut</span> <span class='ocrx_word' id='word_1_257' title='bbox 759 2395 889 2448; x_wconf 86' lang='lat' dir='ltr'>stolidam</span> <span class='ocrx_word' id='word_1_258' title='bbox 898 2396 978 2450; x_wconf 87' lang='lat' dir='ltr'>iilam</span> 
     </span>
    </p>
   </div>
   <div class='ocr_carea' id='block_1_12' title="bbox 93 2461 975 2532">
    <p class='ocr_par' dir='ltr' id='par_1_13' title="bbox 93 2461 975 2532">
     <span class='ocr_line' id='line_1_35' title="bbox 93 2461 975 2532; baseline 0.001 -17"><span class='ocrx_word' id='word_1_259' title='bbox 93 2504 98 2515; x_wconf 94' lang='lat'><em>.</em></span> <span class='ocrx_word' id='word_1_260' title='bbox 177 2466 328 2532; x_wconf 83' lang='lat' dir='ltr'>agrestium</span> <span class='ocrx_word' id='word_1_261' title='bbox 347 2466 487 2518; x_wconf 90' lang='lat' dir='ltr'>hominum</span> <span class='ocrx_word' id='word_1_262' title='bbox 504 2467 583 2520; x_wconf 82' lang='lat' dir='ltr'>robis</span> <span class='ocrx_word' id='word_1_263' title='bbox 607 2465 800 2518; x_wconf 82' lang='lat' dir='ltr'>insultantium</span> <span class='ocrx_word' id='word_1_264' title='bbox 818 2461 975 2530; x_wconf 82' lang='lat' dir='ltr'>superbiam</span> 
     </span>
    </p>
   </div>
   <div class='ocr_carea' id='block_1_13' title="bbox 175 2529 974 2603">
    <p class='ocr_par' dir='ltr' id='par_1_14' title="bbox 175 2529 974 2603">
     <span class='ocr_line' id='line_1_36' title="bbox 175 2529 974 2603; baseline -0.001 -23"><span class='ocrx_word' id='word_1_265' title='bbox 175 2532 347 2587; x_wconf 86' lang='lat' dir='ltr'>retundatisi</span> <span class='ocrx_word' id='word_1_266' title='bbox 373 2534 619 2603; x_wconf 74' lang='lat' dir='ltr'>Expergiscimini,</span> <span class='ocrx_word' id='word_1_267' title='bbox 644 2531 879 2601; x_wconf 76' lang='lat' dir='ltr'>expergiscimini,</span> <span class='ocrx_word' id='word_1_268' title='bbox 907 2529 974 2580; x_wconf 90' lang='lat' dir='ltr'>ado·</span> 
     </span>
    </p>
   </div>
   <div class='ocr_carea' id='block_1_14' title="bbox 174 2624 974 2745">
    <p class='ocr_par' dir='ltr' id='par_1_15' title="bbox 174 2624 974 2745">
     <span class='ocr_line' id='line_1_37' title="bbox 216 2624 974 2682; baseline -0.004 -14"><span class='ocrx_word' id='word_1_269' title='bbox 216 2624 241 2678; x_wconf 82' lang='lat'>⁸)</span> <span class='ocrx_word' id='word_1_270' title='bbox 249 2625 298 2670; x_wconf 81' lang='lat' dir='ltr'>cie.</span> <span class='ocrx_word' id='word_1_271' title='bbox 311 2627 341 2671; x_wconf 79' lang='lat' dir='ltr'>sd</span> <span class='ocrx_word' id='word_1_272' title='bbox 351 2627 399 2671; x_wconf 80' lang='lat' dir='ltr'>stt.</span> <span class='ocrx_word' id='word_1_273' title='bbox 411 2627 432 2670; x_wconf 88' lang='lat'>1.</span> <span class='ocrx_word' id='word_1_274' title='bbox 442 2627 462 2682; x_wconf 67' lang='lat' dir='ltr'>l.</span> <span class='ocrx_word' id='word_1_275' title='bbox 472 2633 493 2672; x_wconf 82' lang='lat' dir='ltr'>t.</span> <span class='ocrx_word' id='word_1_276' title='bbox 520 2626 602 2671; x_wconf 72' lang='lat' dir='ltr'>Duriae</span> <span class='ocrx_word' id='word_1_277' title='bbox 616 2626 718 2682; x_wconf 74' lang='lat' dir='ltr'>accipere</span> <span class='ocrx_word' id='word_1_278' title='bbox 732 2625 775 2672; x_wconf 83' lang='lat' dir='ltr'>ime</span> <span class='ocrx_word' id='word_1_279' title='bbox 788 2625 843 2669; x_wconf 82' lang='lat' dir='ltr'>nili</span> <span class='ocrx_word' id='word_1_280' title='bbox 856 2625 917 2667; x_wconf 79' lang='lat' dir='ltr'>visus</span> <span class='ocrx_word' id='word_1_281' title='bbox 930 2627 974 2672; x_wconf 81' lang='lat' dir='ltr'>set.</span> 
     </span>
     <span class='ocr_line' id='line_1_38' title="bbox 174 2680 711 2745; baseline -0.002 -18"><span class='ocrx_word' id='word_1_282' title='bbox 174 2693 240 2727; x_wconf 67' lang='lat' dir='ltr'>essu</span> <span class='ocrx_word' id='word_1_283' title='bbox 248 2680 331 2727; x_wconf 73' lang='lat' dir='ltr'>vellen</span> <span class='ocrx_word' id='word_1_284' title='bbox 341 2688 365 2728; x_wconf 85' lang='lat' dir='ltr'>et</span> <span class='ocrx_word' id='word_1_285' title='bbox 375 2696 440 2745; x_wconf 62' lang='lat' dir='ltr'>mrum</span> <span class='ocrx_word' id='word_1_286' title='bbox 451 2683 552 2730; x_wconf 80' lang='lat' dir='ltr'>leminea</span> <span class='ocrx_word' id='word_1_287' title='bbox 563 2682 620 2728; x_wconf 79' lang='lat' dir='ltr'>ltili</span> <span class='ocrx_word' id='word_1_288' title='bbox 631 2683 711 2730; x_wconf 77' lang='lat' dir='ltr'>solent</span> 
     </span>
    </p>
   </div>
   <div class='ocr_carea' id='block_1_15' title="bbox 0 0 1080 3012">
    <p class='ocr_par' dir='ltr' id='par_1_16' title="bbox 0 0 1080 3012">
     <span class='ocr_line' id='line_1_39' title="bbox 0 0 1080 3012; baseline 0 1"><span class='ocrx_word' id='word_1_289' title='bbox 0 0 1080 3012; x_wconf 95' lang='lat' dir='ltr'> </span> 
     </span>
    </p>
   </div>
  </div>
 </body>
</html>
