2150 3012
362 161 515 213 ORATIO
534 161 614 216 xvi.
737 181 747 200 i
839 170 888 220 149

92 263 189 332 quibus
203 261 349 336 imperium
364 249 440 314 orbis
459 269 593 316 terrarum
613 250 784 320 immutatum
803 276 847 321 est
861 277 890 320 et

93 332 136 382 vel
144 345 245 390 ¹euersa
254 329 299 379 vel
310 337 385 378 certe
397 343 531 380 conversa
543 345 576 382 aa
585 333 754 396 respublica,
770 349 839 401 quae
849 337 890 386 ita

91 397 172 448 bouis
182 397 292 464 legibus
306 403 388 462 atque
401 398 536 448 institutis
546 395 661 448 fundata
671 406 740 462 erat,
750 403 817 451 utin
827 416 889 467 per·

93 470 206 530 petuum
216 463 347 518 duratura
353 463 502 539 videntur,
514 480 569 515 nou
580 465 690 517 aliunde
701 466 799 518 melius
809 482 889 534 quam

94 545 129 581 ex
139 529 182 580 his
194 529 272 579 libris
286 530 389 597 percipi
404 535 506 596 potest.
542 533 612 581 Tum
622 538 767 596 praeterea
777 533 888 584 Cicero·

94 597 137 648 uis
148 595 317 646 admirabilis
329 597 474 662 prudentia
488 604 516 646 et
527 598 644 649 scientia
657 599 826 664 reipublicae
835 606 889 650 tra·

96 662 353 729 etaodae'nusquam
369 677 399 714 se
409 665 497 730 magis
509 679 588 731 quam
598 666 627 715 in
637 661 680 716 his
691 665 818 732 epistolis
827 681 889 732 pro·

96 729 144 782 dit.
182 729 310 789 Quodne
325 730 386 795 quis
404 745 448 780 me
467 731 600 796 temporis
619 746 718 782 caussa
731 733 890 798 contingere

96 796 258 857 arbitretur,
276 798 450 861 praestantis
474 798 526 848 viii
550 804 580 850 et
600 797 712 848 illorum
736 804 889 865 temporum

96 863 233 930 aequalis,
251 861 374 924 Gooueiii
386 861 502 928 Nepotis
515 863 598 914 verba
606 865 668 930 ipsa
676 865 815 927 recitabo,
832 867 890 932 qui·

96 927 145 980 bus
156 945 234 979 suum
246 927 280 978 de
290 928 347 978 illis
356 929 487 979 iudicium
498 931 655 996 posteritati
665 937 848 984 contestatum
860 946 893 982 ae

98 997 288 1062 consignatum
303 995 424 1062 reliquit.
444 996 514 1056 'Qui
528 998 556 1046 iu
572 997 654 1048 Attici
671 998 728 1049 vita
743 1013 804 1050 eum
819 999 893 1049 inter

98 1062 258 1112 Ciceronem
276 1068 305 1112 et
316 1063 437 1112 Atticum
451 1077 583 1114 summam
598 1065 820 1117 coniunctionem
835 1064 892 1115 aui*-

97 1143 202 1180 murum
217 1129 305 1180 fuisse
320 1129 451 1189 dixisset,
473 1128 524 1192 Ei,
540 1131 642 1195 inquit,
658 1130 698 1181 rei
709 1139 770 1180 aaut
782 1130 891 1190 iudicio,

91 1205 203 1276 praeter
212 1211 255 1247 eae
265 1195 354 1256 libros,
365 1193 394 1246 io
405 1195 497 1262 quidue
510 1196 540 1248 de
550 1212 579 1248 ea
583 1196 660 1263 facit
668 1196 835 1259 mentionem,
847 1197 894 1264 qai
912 1202 923 1244 “,
977 1221 981 1229 ·

95 1263 226 1330 invulgat
236 1253 297 1312 aas!
307 1261 380 1323 aditi,
388 1261 516 1337 sexdecim
526 1263 659 1315 aelamioa
669 1263 846 1328 epietoiarum,
857 1264 890 1314 ad

96 1331 235 1380 comatam
245 1329 299 1380 eiua
313 1343 396 1395 ‘saepae
408 1329 444 1380 ad
456 1337 599 1380 extremm
614 1337 715 1396 tempas
728 1329 766 1379 ad
772 1329 892 1382 Atticam

96 1395 249 1446 miamram:
269 1411 335 1462 qaae
345 1395 391 1461 pai
400 1397 480 1463 legat,
491 1412 545 1448 aaa
555 1397 664 1448 vitabam
674 1395 802 1448 desideret
810 1395 892 1447 hiato-

73 1491 80 1504 ι
95 1462 167 1514 mam
176 1470 327 1514 contextam
339 1471 430 1513 eoram
440 1469 595 1530 temporam.
630 1462 675 1516 stc
684 1463 752 1513 euim
761 1460 852 1512 amnia
862 1463 893 1512 de

95 1528 190 1580 stadiis
196 1527 360 1596 principum,
377 1528 447 1582 vitiis
462 1531 569 1592 danaen,
584 1529 803 1582 aemulationibus
812 1527 840 1578 iu
851 1544 891 1592 ra-

90 1595 359 1666 pabis‘ea‘peneripta
368 1605 441 1658 tent,
456 1605 488 1648 at
496 1596 566 1648 aiiii
572 1591 601 1650 e‘a
611 1596 644 1648 iis
654 1613 707 1648 aaa
717 1603 855 1662 appareat,
866 1603 894 1646 et
922 1657 931 1664 ι

88 1661 335 1734 facileeaa'sta‘mari
362 1661 623 1730 oasin-prodendam
656 1662 893 1714 aedammadoesae

95 1729 294 1782 divinationem.
345 1747 380 1781 aa
389 1731 458 1782 mira
470 1731 563 1784 Cicera
576 1746 608 1782 ea
616 1681 708 1792 tudano,
721 1745 788 1797 qaae
796 1728 854 1780 aiae
865 1744 893 1780 ee

95 1795 260 1860 aeciderunt,
263 1797 365 1866 fateare
371 1797 521 1864 praedixit,
535 1797 678 1860 sedetiam,
694 1813 761 1864 queue
771 1811 841 1848 mam
850 1811 891 1848 ae·

95 1864 212 1926 πίνων),
224 1864 358 1916 ceeiaitut
366 1873 447 1915 vates.
483 1865 561 1916 Haee
571 1864 678 1933 Nepos,
694 1865 772 1916 ouius
783 1878 837 1914 nou
848 1876 893 1912 va·
907 1908 912 1920 ,

96 1947 159 1984 nam
170 1935 233 1982 e'sse
244 1933 488 1998 praedicationem,
498 1947 545 1983 res
554 1933 616 1999 ipsa
625 1932 750 1998 quotidie
761 1929 891 1981 ostendit.
902 1940 904 1944 ·

128 1998 227 2049 Adeas
238 2013 360 2061 caussas,
371 2013 439 2066 quas
449 2000 539 2062 attuli,
550 2013 599 2050 eur
607 1999 636 2050 in
647 1997 689 2052 his
700 1997 827 2065 epistolis
838 2009 893 2047 uie·
932 1999 938 2006 '

93 2077 158 2116 eom
172 2066 380 2130 pervolutandis
396 2067 494 2131 cupide
508 2067 614 2117 versari
628 2065 769 2126 debeatis,
784 2062 894 2114 aceedit

94 2131 165 2182 haee
180 2147 303 2200 quoque,
324 2148 404 2200 quam
418 2132 540 2185 dubitavi
554 2133 695 2200 equidem,
712 2147 775 2190 nom
791 2128 892 2180 afferre

94 2198 235 2260 deberem,
246 2214 280 2250 ne
290 2202 383 2252 vineta
391 2201 592 2262 incantaimt,
603 2200 721 2254 e'aedere
729 2198 767 2262 ”i
778 2198 848 2258 etde
859 2209 894 2244 ea

91 2269 157 2332 ipsa
169 2265 316 2329 iaoultate,
337 2268 415 2318 caius
434 2267 541 2334 opinio,
560 2265 633 2318 falsa
650 2265 785 2322 fortasse:
801 2275 893 2328 oeque

93 2335 168 2385 euim
179 2333 311 2400 impedio:
325 2334 374 2384 sed
387 2335 479 2400 opinio
490 2341 592 2396 tamen,
600 2335 635 2385 ad
646 2334 765 2449 alipluam
776 2344 819 2380 me
831 2343 893 2394 pro·

89 2399 172 2450 vexit
180 2397 321 2451 homiuum
332 2399 445 2462 fanium,
460 2401 599 2468 quippiam
615 2401 694 2450 detra
715 2411 762 2448 ere
773 2396 891 2446 viderer.

91 2467 151 2520 Sed
168 2469 260 2519 vineat
274 2467 391 2531 veritas,
409 2481 479 2542 quae
497 2467 561 2518 aliis
576 2465 702 2528 omuibus
716 2463 799 2518 rebus
813 2475 891 2527 prae-

150 2601 172 2655 ·)
188 2599 248 2656 Nep.
257 2601 281 2643 in
290 2601 337 2646 att
348 2614 368 2644 a.
380 2603 424 2644 ld:
443 2612 501 2658 quoe
511 2613 569 2644 nune
577 2614 617 2646 mu
626 2585 728 2644 veniunt.

139 2676 172 2730 ⁸⁸)
189 2675 270 2718 tium.
280 2673 325 2731 Ep.
337 2677 371 2720 ll.
385 2679 403 2719 i.
412 2677 461 2718 2²0.

487 2771 495 2798 Ι
