2140 3010
103 225 109 230 ‚
187 161 237 212 rou
379 155 420 210 st.
439 155 617 210 surouu
634 157 799 222 uuusrr

183 255 997 445 &trittiiiii,remitmitttttttttitt.

218 396 289 446 mini
308 395 471 447 Mnuroceui
495 395 631 448 demortui
657 394 843 446 concordibus
866 397 988 448 omnium

187 461 342 529 suffr-agiis,
369 463 404 514 cd
426 463 578 578 prinoipem
601 460 682 514 huius
701 461 875 528 reipublicae
893 463 986 514 locum

187 535 300 580 erectus
314 536 365 580 est.
402 529 463 590 Quo
478 531 508 579 in
541 543 627 579 onore
637 529 678 579 ita
692 543 721 578 se
736 529 840 595 gessit,
857 535 888 578 ut
902 528 985 580 facile

187 597 354 656 ostenderet,
366 598 435 646 sein
444 609 499 645 nne
508 596 610 646 virtute
621 609 730 646 omnem
741 609 818 661 spem
828 595 919 646 leudis
930 596 985 647 eol·

186 661 306 714 locasse.
341 661 450 712 Etenim
460 661 593 728 Ligures,
608 664 655 727 qui
668 661 756 728 ruptis
769 661 932 719 foederibus
945 663 984 712 in·
1051 689 1053 704 ι

206 733 297 778 entem
308 726 438 778 adversus
448 742 500 778 nos
511 730 663 779 exercitum
675 729 984 793 comparaverantriri·

185 743 251 844 fiter
265 808 426 861 aggressus,
442 793 598 845 admirabili
612 793 759 844 celeritate
769 796 928 860 superstite
941 807 984 845 oo-

186 861 984 928 ptisqu'eseptuagintatriremibusipsaquepraeturiunttvi,

185 925 984 996 Fliseum,Ligusticaeclassispmeieetum,intriumphum

186 990 413 1044 Venetiasdunit.
433 994 582 1046 (iniustum
592 989 894 1060 praeclaraerictoriee
905 996 984 1044 utiu-
1052 1047 1053 1056 ,

187 1058 266 1124 signe
280 1059 394 1127 aliquod
407 1061 436 1110 in
449 1061 523 1112 Zeno
537 1061 621 1112 domo
636 1061 671 1112 ad
684 1074 793 1112 omnem
811 1061 985 1126 posteritatis
1052 1059 1053 1124 J

185 1127 346 1176 memoriam
357 1127 498 1194 figeretur,
509 1127 655 1179 Baiuerius
663 1128 727 1190 dux,
738 1127 884 1194 repudiato
895 1128 985 1178 ueteri

186 1192 326 1259 gentilitio
339 1199 496 1256 stemmate,
505 1201 536 1246 et
545 1195 623 1247 aibas
632 1195 721 1245 lineas
733 1193 801 1244 duas
812 1194 984 1261 totidemque
1052 1227 1053 1250 ,

185 1259 345 1322 coeruleos,
357 1277 425 1328 quas
437 1277 452 1312 e
463 1261 577 1312 militari
586 1261 690 1312 vexillo
705 1261 877 1322 detraxerat,
891 1267 985 1326 poste-

184 1327 224 1378 ris
235 1328 294 1378 suis
302 1330 454 1380 stemmatis
464 1329 527 1380 loco
538 1330 739 1396 inperpetuum
750 1326 890 1380 habendos
898 1327 985 1378 dedit.

169 1393 320 1446 =Andretm
333 1409 400 1446 vero
414 1395 532 1456 Zenum,
548 1393 777 1456 Procuratorem,
791 1394 852 1461 quis
863 1405 985 1460 unquam
1052 1413 1053 1416 ’

184 1468 242 1512 tam
251 1462 345 1514 multis
356 1461 484 1528 leudibus
499 1461 652 1524 ornaverit,
671 1468 703 1512 ut
716 1475 771 1513 nou
784 1461 871 1512 multo
884 1461 984 1522 minus,
1052 1469 1053 1480 ¹

185 1543 265 1595 quam
276 1529 364 1594 ipsius
374 1529 495 1596 dignitas
506 1527 588 1591 ferat,
600 1543 662 1580 eum
673 1527 882 1579 commendasse
891 1527 985 1578 rideo-

184 1593 246 1646 turi
267 1595 333 1657 Qui,
349 1609 410 1647 cum
420 1595 538 1668 Ligures
548 1595 635 1647 multo
646 1595 758 1658 maiori,
773 1609 853 1662 qnam
864 1609 985 1662 unquam

185 1667 276 1724 antee,
291 1668 392 1712 curuotu
405 1661 509 1714 bellum
515 1662 763 1729 redintegrassent,
778 1663 889 1728 iamque
902 1663 983 1714 trire-
1052 1687 1053 1706 u

183 1727 273 1778 mibus
284 1728 469 1795 quodraginta
478 1729 629 1781 etnsuibus
640 1729 736 1780 decem
744 1729 888 1780 instructis
902 1726 984 1780 vehe-

183 1800 302 1845 mentem
312 1795 529 1862 populoveueto
539 1797 722 1848 incussissent
731 1795 985 1859 metunt,adversus

182 1873 232 1911 eos
243 1875 275 1910 ee
297 1876 335 1912 uo
348 1865 456 1916 navium
471 1879 585 1916 numero
599 1863 755 1931 profectus,
770 1870 875 1914 tautam
885 1861 993 1914 iniisti*

181 1877 467 1988 enimiiortitudiuem
477 1929 614 1993 adhibuit,
625 1936 656 1981 ut
665 1929 742 1980 brevi
752 1936 879 1994 tempore
893 1931 982 1998 captis

181 1993 301 2109 atrioque
318 2003 347 2048 et
358 1999 465 2066 vigenti
477 1995 599 2048 hostium
616 1995 744 2055 navibus,
764 1993 865 2043 ceteris
879 1999 981 2060 partim
1049 2027 1053 2046 t

201 2065 335 2126 emersis,
358 2067 458 2129 partim
477 2064 616 2121 disiectis,
636 2060 665 2108 iu
679 2060 796 2124 petriam
809 2059 900 2108 victor
918 2078 981 2116 cum

181 2125 290 2182 duobus
300 2129 422 2181 millibus
438 2134 467 2178 et
479 2127 619 2178 sexcentis
632 2130 777 2190 praeterea
786 2123 902 2187 captivis
918 2131 981 2182 red.

104 2243 107 2250 ,
179 2193 254 2248 ierit.
289 2195 345 2246 Sed
364 2194 425 2260 quis
444 2191 519 2256 ordii
531 2189 730 2260 ignoscendum
746 2195 838 2258 putet,
858 2193 896 2254 si,
916 2195 981 2248 dum

179 2259 269 2313 denec
289 2260 379 2326 gentis
399 2259 549 2326 praecipua
561 2263 728 2308 ornamenta
741 2271 907 2325 percenseo,
928 2261 980 2314 Pe-

179 2334 253 2390 trum
261 2325 377 2387 Zenurm
398 2327 485 2376 civem
499 2325 645 2392 optimum,
666 2331 824 2377 senatorem
837 2331 979 2394 praestan·

178 2391 327 2454 tissimum,
341 2392 538 2460 imperatorem
552 2391 747 2456 fortissimum,
763 2392 875 2444 silentio
889 2395 978 2446 inroi-

178 2457 256 2510 rcmi
274 2460 382 2524 T'u,tu,
399 2459 482 2512 Petro
494 2461 576 2523 zeno,
588 2488 620 2498 —
634 2457 703 2511 nihil
715 2461 787 2518 enim
797 2459 937 2528 prohibet?
947 2470 976 2514 te

177 2531 315 2594 tamquam
325 2527 416 2580 vivum
426 2528 545 2596 alioqui,
565 2525 643 2579 cuins
657 2535 688 2580 et
700 2529 807 2580 animus
817 2529 845 2578 in
856 2530 935 2580 coeio
948 2537 976 2585 et

174 2589 249 2644 iunia
265 2595 293 2647 iu
307 2595 390 2648 torris
404 2609 515 2663 semper
527 2597 635 2648 victura
650 2602 705 2660 est,
719 2625 751 2635 —
766 2601 796 2648 tn
808 2597 913 2662 primus
927 2596 973 2648 do·
1052 2593 1053 2600 ’

176 2660 259 2711 ruisti
270 2659 397 2714 homines
405 2671 613 2734 nostros,quom
624 2665 796 2731 praectarum
806 2661 964 2725 essstciri
