2140 3010
194 169 242 220 182
460 163 612 217 eramo
637 164 704 216 XX.
767 157 778 164 ’

192 265 279 318 malta
296 265 416 318 latenter
435 270 464 316 et
481 263 634 316 artificiose
651 263 765 319 niolitus
784 269 841 328 est,
863 277 935 331 quae
954 266 991 318 sd

192 333 267 384 illius
278 333 357 398 regni
368 332 485 382 salutem
495 331 679 398 pertinebant,
690 345 778 398 neque
788 333 865 398 prius
871 331 990 396 destitit,

194 414 274 466 quam
285 400 371 466 pulsis
382 413 416 449 ex
431 399 494 450 aula
509 396 670 459 haereticis,
684 399 823 449 revocatis
838 405 930 450 nutem
942 401 989 458 lis,

192 473 348 532 quotuor-et
359 480 425 532 erga
435 463 523 516 Deum
541 470 569 515 et
583 477 649 530 erga
661 478 756 530 regem
774 465 842 516 fides
856 465 988 516 constita-

192 539 248 594 rat,
262 533 365 583 bellum
378 531 496 597 denique
511 535 635 597 apertum
649 527 798 582 haereticis
807 531 986 582 indiceretur.

191 597 288 665 ltaque
307 597 382 650 utin
403 597 553 648 seminibus
573 597 701 647 arborum
719 611 818 648 caussa
835 599 921 659 est*),
947 598 989 648 ita

193 667 326 726 oninium,
341 678 410 729 quae
421 669 519 728 postea
528 662 556 713 in
568 661 718 728 Galliapro
728 664 866 730 religione
876 662 989 714 sortiter

192 745 226 782 ae
239 729 360 781 feliciter
392 737 452 778 esta
464 735 540 791 sunt,
557 729 608 778 illa
618 730 645 779 le
666 732 723 782 atio
738 738 821 796 caput
838 745 871 780 ac
886 730 988 798 princi·

191 797 265 864 pium
276 797 336 855 fruit.
372 745 443 846 lund
452 801 543 846 autem
553 745 714 846 admirngbile
724 804 775 858 est,
785 797 859 863 quod
868 811 930 859 cum
939 796 988 847 alii

192 860 986 930 grauissimictprudentissimihomines‚toto,quodainnt,

193 929 318 992 coelo**)
332 929 360 980 in
374 928 449 979 illius
459 929 567 994 negotii
576 929 712 980 tractandi
723 931 831 980 ratione
842 930 875 981 ab
887 943 921 980 eo
933 929 987 980 dis·

192 995 335 1056 sentirent,
349 997 408 1062 ipse
419 993 551 1046 adversus
562 995 680 1046 aliorum
691 996 810 1047 omnium
820 997 987 1047 sententiam

156 1097 158 1100 -
191 1076 243 1113 suo
263 1062 343 1112 unius
362 1061 480 1113 consilio
500 1077 579 1122 usus,
598 1062 665 1128 ipso'
678 1075 769 1114 rerum
787 1063 863 1114 exitu
881 1062 987 1125 docent,

191 1127 278 1180 multo
293 1142 324 1180 se
338 1144 417 1197 quam
431 1130 495 1180 illos
509 1128 588 1194 plura
600 1129 703 1180 vidisse
720 1130 860 1196 multoque
869 1128 986 1196 pruden-

191 1195 247 1246 tius
258 1195 407 1263 cogitasse.
442 1195 632 1247 vellicabatur
640 1195 748 1246 interea
759 1197 915 1248 invidorum
928 1209 987 1246 ser·

104 1287 108 1304 a
191 1261 319 1313 monibus
333 1275 365 1314 ac
379 1262 557 1323 rumusculis,
573 1262 618 1380 poi
632 1263 715 1314 modo
731 1264 891 1328 patientiam
909 1262 986 1314 illius
1053 1311 1055 1326 ,

192 1343 225 1379 aa
236 1327 427 1380 lentitudinem
437 1328 572 1396 reprehen
592 1328 688 1391 ebant,
706 1331 791 1381 modo
805 1331 889 1381 etiam
903 1341 986 1396 quae·

193 1393 256 1446 dam
270 1398 305 1447 ab
319 1411 367 1458 eo,
385 1398 489 1462 optimo
504 1397 595 1447 animo
610 1402 639 1445 et
650 1397 855 1460 sapientissimo
867 1396 984 1449 consilio

190 1459 314 1524 factafin
324 1461 489 1514 deteriorem
499 1469 605 1530 partem
614 1463 875 1529 interpretabantur.
909 1462 985 1524 Quos

191 1529 240 1580 ille
252 1529 407 1595 despiciens
418 1537 446 1581 ct
456 1533 534 1598 operi
543 1529 687 1596 proposito
698 1535 858 1581 constanter
869 1531 986 1590 instans,

192 1609 287 1647 eorum
301 1595 522 1648 maledicentiam
535 1597 697 1712 ipsorernm
709 1597 786 1648 exitu
795 1597 835 1650 ita
844 1595 984 1658 refutavit,

190 1660 375 1714 severissime
386 1664 420 1715 de
431 1679 465 1716 eo
476 1662 549 1714 dieii
563 1662 590 1713 la
599 1664 718 1728 possints
732 1683 748 1692 ‘

212 1759 285 1814 Unus
295 1761 373 1816 horreo
384 1761 458 1816 nolis
469 1762 617 1814 cunctando
628 1761 746 1816 restituit
755 1778 826 1816 rem.-

122 1857 125 1864 ν
209 1825 271 1880 Non
277 1831 397 1896 ponebat
405 1829 473 1880 enim
483 1844 601 1880 rancores
611 1839 673 1882 ante
682 1831 800 1882 salntem.

209 1893 287 1963 Ergo
299 1897 435 1964 magnaque
444 1894 582 1962 raegisque
589 1895 642 1948 oiri
652 1913 722 1948 nane
729 1895 984 1964 gloria'claret***).

192 1993 248 2048 Sed
258 1998 287 2047 in
297 1995 348 2047 hac
357 1993 490 2059 temporis
501 1996 665 2062 angustia†)
677 1995 763 2045 multa
771 1994 893 2044 breviter
903 1997 987 2048 attin·

192 2063 284 2129 geuda
298 2068 373 2120 sunt,
392 2073 468 2174 p'uae
480 2061 590 2138 singula
601 2063 725 2127 integros
746 2059 832 2108 libros
846 2059 989 2138 desidera-

192 2135 262 2178 rent.
297 2129 384 2191 Atque
418 2127 605 2192 mquidem,
625 2141 695 2204 quaa
708 2123 841 2176 hactenus
860 2125 930 2186 dnn,
950 2130 988 2180 ad

109 2213 121 2232 ·
159 2249 163 2255 ,
193 2192 385 2244 declarandam
406 2191 493 2257 ipsius
515 2193 687 2258 prudentiam
705 2190 853 2257 pertinent.
898 2191 990 2252 Quint

192 2265 301 2310 ceterae
318 2257 448 2320 virtutes,
469 2259 564 2325 quales
583 2258 612 2308 in
631 2269 665 2308 eo
685 2265 713 2308 et
731 2269 811 2324 qnam
830 2259 989 2326 singulares

192 2321 317 2375 inerunt?
346 2323 415 2384 Quis
429 2339 548 2391 unquam
562 2324 612 2375 illo
626 2325 655 2376 in
669 2330 730 2375 tota
747 2323 856 2378 ratione
874 2326 989 2380 vivendi

237 2443 258 2496 ⁸)
270 2443 319 2488 eie.
329 2444 433 2500 Philipp.
443 2443 474 2488 ῙΙ,
486 2447 505 2500 ᾗ.
515 2449 550 2488 55.
979 2489 986 2494 .

216 2500 986 2615 illenearranlfsn“ri

190 2557 262 2664 81’··)
273 2611 326 2654 vra
338 2613 385 2655 cn.
396 2612 446 2655 cut.
456 2587 507 2656 dar.
518 2629 537 2656 a.
546 2619 567 2656 r.
577 2587 605 2658 le
617 2613 656 2658 arr.
665 2613 685 2658 1.
694 2617 729 2659 ns.

231 2665 259 2720 †)
273 2665 319 2711 cn.
331 2668 358 2711 de
367 2665 397 2710 N.
407 2669 435 2713 u.
446 2669 479 2712 11.
488 2672 508 2712 l.
518 2675 580 2714 extr.
650 2709 659 2718 .

1051 1669 1053 1790 i

1051 1857 1052 1944 i
