2140 3010
371 161 524 213 citatio
546 158 613 216 XX.
844 166 894 218 188

96 259 271 332 splendidior
288 271 321 312 ao
339 261 563 329 magnificentior
574 260 643 314 fulti
662 259 740 322 Quae
753 261 782 314 iu
792 261 893 328 Gallia,

115 345 167 382 uae
177 329 300 392 initalia,
309 335 426 394 etquam
437 335 599 396 sumptuosa
607 328 737 382 aedificia
743 333 896 383 exstruxit!

96 347 185 458 boam
198 397 286 447 multa
300 395 445 461 ingeniose
460 401 488 446 et
501 395 622 446 solerter
631 396 792 463 excogitata
802 397 836 447 ab
848 411 896 448 aua

94 464 191 530 tiquis,
200 461 250 514 sed
259 469 358 528 postea
367 475 417 527 per·
425 461 745 528 postsrommlgnaviam
753 463 894 515 oblitions

96 531 197 581 obruta
215 529 348 596 quasique
368 529 478 595 sepulta
499 528 658 596 revocarit!
684 541 766 595 quam
789 531 893 582 multos

7 637 9 650 .
96 596 228 663 egregios
248 595 368 647 artifices
389 595 424 646 ad
442 609 514 648 nora
533 597 718 663 excogitanda
740 597 894 664 propositis

7 695 9 706 r
95 661 226 730 praemiis
238 661 389 713 excitavitf
400 662 461 730 quis
471 676 589 728 unquam
599 663 736 729 princeps,
748 663 810 728 quis
820 664 894 729 prin-

7 787 9 790 ,
96 730 165 795 cipis
177 727 294 780 alicuius
308 729 431 794 legatus,
451 729 513 794 quis
528 728 647 795 donique
660 741 776 796 maguus
790 729 894 780 clarus·

96 809 148 862 que
167 795 210 846 vir
229 794 300 862 apud
321 809 382 846 cum
403 795 558 846 diversatus
579 802 634 857 ast,
654 795 720 862 quin
740 795 864 846 sibinen
876 809 894 846 a

96 861 241 928 splendido
257 859 409 922 Cardinali,
429 861 479 912 sed
498 876 516 912 a
527 861 701 928 praepotenti
717 862 811 928 aliquo
824 873 894 930 roge

96 934 227 995 exceptus
243 927 398 979 videreturi
415 927 452 978 Et
463 929 572 979 interea
587 929 615 979 iu
626 939 760 996 pauperos
771 935 799 980 et
810 943 894 995 egcu-

95 1001 138 1046 tcs
151 994 277 1046 homiues
293 1007 374 1060 quam
387 993 513 1047 liberalis
524 1009 557 1046 ac
566 996 711 1046 munificus
719 995 820 1057 fucrit,
840 996 893 1045 sci·

94 1061 131 1112 tis
141 1061 195 1126 ipsi
205 1063 280 1120 ciras
291 1061 435 1123 Tiburtes,
455 1063 514 1128 qul,
532 1067 565 1112 ut
573 1062 624 1112 illa
634 1067 769 1128 perpetus
783 1067 813 1112 et
825 1076 893 1128 quo·

93 1127 200 1178 tidiana
208 1133 366 1190 taceantur,
379 1127 557 1188 meministis,
577 1141 640 1178 aum
650 1128 811 1193 quotannis,
831 1143 893 1180 oum
959 1119 974 1142 ‘

94 1193 196 1255 morbi,
212 1193 296 1255 utlit,
317 1198 424 1243 aestate
433 1194 462 1242 iu
472 1193 573 1258 vulgus
582 1199 788 1258 grassarentur,
802 1195 894 1260 quoti·

94 1260 141 1311 die
151 1261 261 1312 mittere
272 1259 399 1320 solitum,
414 1259 462 1324 qui
473 1269 569 1308 omnes
579 1259 783 1324 aegrotantium
793 1259 893 1311 domos

94 1327 284 1385 circumirent,
298 1337 387 1389 neque
398 1335 506 1384 eorum,
522 1335 593 1389 quac
603 1329 651 1374 aut
661 1325 696 1375 ad
707 1325 893 1376 valitudinem
939 1349 942 1356 ·

93 1389 312 1458 recuperandam
329 1396 376 1440 aut
392 1389 427 1440 ad
441 1389 569 1441 alendam
579 1391 688 1441 intcres
699 1389 833 1442 familiam
846 1405 892 1440 ue·

94 1458 219 1511 cessaria
238 1462 344 1518 essent,
373 1456 519 1524 quidquam
539 1457 580 1508 eis
600 1458 699 1509 deesse
721 1461 892 1524 paterentur.

93 1523 270 1577 Meminimus
282 1528 310 1572 et
318 1523 381 1590 ipsi,
391 1529 422 1573 ut
432 1535 463 1574 se
473 1521 528 1588 hac¹
535 1533 644 1590 quoque
655 1524 683 1573 in
693 1530 773 1590 parte
783 1523 810 1574 lt
879 1537 893 1572 s

93 1594 123 1644 lu
139 1589 232 1641 Gallia
245 1590 380 1656 gesserit,
396 1603 457 1640 curu
471 1589 604 1656 quidquid
619 1591 754 1657 pecuniae
770 1603 806 1642 ex
829 1603 894 1655 oga·

93 1659 173 1711 tione
183 1661 361 1724 provenerat,
373 1671 508 1706 nummum
516 1669 555 1707 ex
563 1669 599 1708 eo
610 1655 714 1707 nullum
724 1657 776 1709 atti
800 1657 893 1718 ‘t,sed

93 1732 184 1777 totum
208 1724 237 1774 iu
260 1737 395 1789 pauperes
421 1725 591 1789 erogandum
619 1723 774 1774 distributa
794 1737 838 1774 um
878 1733 894 1776 t

94 1791 243 1845 mandavit.
279 1789 411 1842 Eruditos
431 1799 521 1839 autem
541 1795 572 1840 et
589 1789 716 1842 orcultos
729 1737 895 1841 litterlsbb·

94 1859 183 1911 mines
195 1871 275 1908 nemo
286 1869 404 1922 unquam
416 1857 519 1906 amavit
527 1856 689 1918 ardentius,
702 1869 784 1908 semo
799 1856 894 1923 plures

96 1923 172 1976 domi
182 1922 290 1983 habuit,
305 1937 385 1974 nemo
397 1922 503 1990 largius
513 1929 561 1974 aut
571 1923 708 1989 prolixius
721 1922 801 1975 fovit.
836 1923 895 1974 llo·

94 2005 155 2046 rum
175 1991 408 2072 disputationibus
428 1990 523 2056 epulas
542 2003 607 2041 suas
625 1990 786 2053 condiebat,
804 1992 841 2042 in*
853 1991 895 2041 eit

96 2057 242 2110 audiendus
251 2056 385 2124 quidquid
397 2071 414 2106 a
424 2055 599 2123 gravioribus
613 2057 688 2109 curis
703 2057 820 2109 dabatur
834 2058 895 2119 otii,

96 2123 302 2176 studiosissime
312 2123 479 2175 collucebat.
512 2123 569 2174 lam
580 2130 609 2174 et
618 2126 647 2175 iu
657 2137 708 2176 ecs
718 2131 746 2176 st
756 2125 786 2176 iu
800 2137 897 2175 omnes
930 2171 943 2180 „

97 2189 267 2242 domesticos
277 2205 311 2240 ao
320 2189 473 2242 familiares
483 2203 550 2242 suos
561 2196 639 2242 tauta
648 2197 709 2242 erot
716 2189 854 2243 facilitate
863 2201 909 2241 arv

97 2257 244 2319 comitate,
267 2264 298 2307 ut
316 2257 469 2308 eommunis
487 2258 629 2308 videretur
647 2259 767 2309 omnium
785 2271 898 2323 pareus.

98 2323 167 2374 Cum
182 2324 223 2374 eis
237 2322 454 2378 familiarissime
468 2323 694 2391 colloquebatur,
713 2323 898 2392 urbanissime

97 2389 256 2453 iocabatur3
277 2396 426 2458 peccantes
442 2396 560 2456 patema
575 2391 668 2457 potius
683 2391 800 2441 celime
816 2401 898 2455 quam

5 2473 6 2496 l
98 2453 182 2508 herili
194 2461 336 2522 potestate
350 2463 434 2524 atque
446 2457 564 2522 imperis
583 2457 752 2524 corrigebat.
786 2454 898 2506 Nullius

5 2545 7 2580 l
97 2528 191 2576 autem
203 2523 246 2573 rei
259 2536 348 2590 aeque
362 2522 447 2576 facile
464 2523 683 2574 obliviscebatur
693 2529 776 2638 etopus
786 2521 899 2600 iniuria·

97 2602 167 2641 rum.
204 2589 311 2641 Scimus
322 2591 423 2658 quicun
444 2603 478 2640 ue
494 2605 555 2640 oum
571 2603 605 2640 eo
622 2587 716 2656 paullo
746 2585 900 2638 anuluarrus

97 2656 225 2720 viximus,
240 2656 437 2723 multos,aqur
460 2657 563 2723 usipse
571 2669 623 2725 pro
633 2655 746 2708 summis
755 2653 900 2708 beneflciis
