<?xml version="1.0" encoding="UTF-8"?>
<!DOCTYPE html PUBLIC "-//W3C//DTD XHTML 1.0 Transitional//EN"
    "http://www.w3.org/TR/xhtml1/DTD/xhtml1-transitional.dtd">
<html xmlns="http://www.w3.org/1999/xhtml" xml:lang="en" lang="en">
 <head>
  <title>
</title>
<meta http-equiv="Content-Type" content="text/html;charset=utf-8" />
  <meta name='ocr-system' content='tesseract 3.04.00' />
  <meta name='ocr-capabilities' content='ocr_page ocr_carea ocr_par ocr_line ocrx_word'/>
</head>
<body>
  <div class='ocr_page' id='page_1' title='image "./mantoniimuretie01muregoog_0112.png"; bbox 0 0 2150 3012; ppageno 0'>
   <div class='ocr_carea' id='block_1_1' title="bbox 396 169 887 242">
    <p class='ocr_par' dir='ltr' id='par_1_1' title="bbox 396 169 887 242">
     <span class='ocr_line' id='line_1_1' title="bbox 396 169 887 242; baseline 0.008 -20"><span class='ocrx_word' id='word_1_1' title='bbox 396 169 546 223; x_wconf 79' lang='lat' dir='ltr'><strong>onnrro</strong></span> <span class='ocrx_word' id='word_1_2' title='bbox 564 169 614 223; x_wconf 77' lang='lat' dir='ltr'><strong>xi.</strong></span> <span class='ocrx_word' id='word_1_3' title='bbox 855 173 887 242; x_wconf 74' lang='lat' dir='ltr'><strong>en</strong></span> 
     </span>
    </p>
   </div>
   <div class='ocr_carea' id='block_1_2' title="bbox 88 268 910 2201">
    <p class='ocr_par' dir='ltr' id='par_1_2' title="bbox 88 268 910 2201">
     <span class='ocr_line' id='line_1_2' title="bbox 93 268 888 340; baseline 0 -14"><span class='ocrx_word' id='word_1_4' title='bbox 93 271 258 326; x_wconf 81' lang='lat' dir='ltr'><strong>excitandos</strong></span> <span class='ocrx_word' id='word_1_5' title='bbox 271 271 299 323; x_wconf 86' lang='lat' dir='ltr'><strong>in</strong></span> <span class='ocrx_word' id='word_1_6' title='bbox 313 268 368 322; x_wconf 84' lang='lat' dir='ltr'><strong>hoc</strong></span> <span class='ocrx_word' id='word_1_7' title='bbox 381 278 543 338; x_wconf 81' lang='lat' dir='ltr'><strong>argumento</strong></span> <span class='ocrx_word' id='word_1_8' title='bbox 554 272 610 327; x_wconf 89' lang='lat' dir='ltr'><strong>dici</strong></span> <span class='ocrx_word' id='word_1_9' title='bbox 620 287 704 340; x_wconf 82' lang='lat' dir='ltr'><strong>poese</strong></span> <span class='ocrx_word' id='word_1_10' title='bbox 713 273 798 326; x_wconf 76' lang='lat' dir='ltr'><strong>focile</strong></span> <span class='ocrx_word' id='word_1_11' title='bbox 807 276 888 327; x_wconf 88' lang='lat' dir='ltr'><strong>intel-</strong></span> 
     </span>
     <span class='ocr_line' id='line_1_3' title="bbox 91 339 888 408; baseline 0.001 -16"><span class='ocrx_word' id='word_1_12' title='bbox 91 339 163 408; x_wconf 82' lang='lat' dir='ltr'><strong>ligo,</strong></span> <span class='ocrx_word' id='word_1_13' title='bbox 177 344 392 406; x_wconf 84' lang='lat' dir='ltr'><strong>convertamque</strong></span> <span class='ocrx_word' id='word_1_14' title='bbox 408 341 560 390; x_wconf 87' lang='lat' dir='ltr'><strong>orationem</strong></span> <span class='ocrx_word' id='word_1_15' title='bbox 572 354 661 393; x_wconf 85' lang='lat' dir='ltr'><strong>meam</strong></span> <span class='ocrx_word' id='word_1_16' title='bbox 675 341 710 392; x_wconf 81' lang='lat' dir='ltr'><strong>ad</strong></span> <span class='ocrx_word' id='word_1_17' title='bbox 720 342 888 408; x_wconf 85' lang='lat' dir='ltr'><strong>quarundam</strong></span> 
     </span>
     <span class='ocr_line' id='line_1_4' title="bbox 91 407 887 475; baseline 0 -17"><span class='ocrx_word' id='word_1_18' title='bbox 91 420 182 458; x_wconf 85' lang='lat' dir='ltr'><strong>rerum</strong></span> <span class='ocrx_word' id='word_1_19' title='bbox 193 407 401 466; x_wconf 78' lang='lat' dir='ltr'>tractationem,</span> <span class='ocrx_word' id='word_1_20' title='bbox 416 421 484 472; x_wconf 88' lang='lat' dir='ltr'><strong>quas</strong></span> <span class='ocrx_word' id='word_1_21' title='bbox 498 421 561 472; x_wconf 90' lang='lat' dir='ltr'><strong>spes</strong></span> <span class='ocrx_word' id='word_1_22' title='bbox 572 411 615 458; x_wconf 90' lang='lat' dir='ltr'><strong>est</strong></span> <span class='ocrx_word' id='word_1_23' title='bbox 624 421 714 475; x_wconf 85' lang='lat' dir='ltr'><strong>neque</strong></span> <span class='ocrx_word' id='word_1_24' title='bbox 724 409 804 458; x_wconf 89' lang='lat' dir='ltr'><strong>nimis</strong></span> <span class='ocrx_word' id='word_1_25' title='bbox 815 422 887 458; x_wconf 82' lang='lat' dir='ltr'><strong>com·</strong></span> 
     </span>
     <span class='ocr_line' id='line_1_5' title="bbox 90 473 887 539; baseline 0.001 -15"><span class='ocrx_word' id='word_1_26' title='bbox 90 484 195 524; x_wconf 85' lang='lat' dir='ltr'><strong>munes·</strong></span> <span class='ocrx_word' id='word_1_27' title='bbox 205 486 239 522; x_wconf 83' lang='lat' dir='ltr'><strong>ac</strong></span> <span class='ocrx_word' id='word_1_28' title='bbox 253 473 399 534; x_wconf 81' lang='lat' dir='ltr'><strong>contritas,</strong></span> <span class='ocrx_word' id='word_1_29' title='bbox 413 486 503 539; x_wconf 89' lang='lat' dir='ltr'><strong>neque</strong></span> <span class='ocrx_word' id='word_1_30' title='bbox 517 473 622 524; x_wconf 85' lang='lat' dir='ltr'><strong>alienas</strong></span> <span class='ocrx_word' id='word_1_31' title='bbox 637 475 670 524; x_wconf 90' lang='lat' dir='ltr'><strong>ab</strong></span> <span class='ocrx_word' id='word_1_32' title='bbox 685 473 739 526; x_wconf 84' lang='lat' dir='ltr'><strong>hoo</strong></span> <span class='ocrx_word' id='word_1_33' title='bbox 748 474 887 536; x_wconf 81' lang='lat' dir='ltr'><strong>instituto,</strong></span> 
     </span>
     <span class='ocr_line' id='line_1_6' title="bbox 91 538 888 606; baseline 0.004 -17"><span class='ocrx_word' id='word_1_34' title='bbox 91 552 181 606; x_wconf 88' lang='lat' dir='ltr'><strong>neque</strong></span> <span class='ocrx_word' id='word_1_35' title='bbox 202 539 318 605; x_wconf 84' lang='lat' dir='ltr'><strong>cognitu</strong></span> <span class='ocrx_word' id='word_1_36' title='bbox 333 538 446 589; x_wconf 86' lang='lat' dir='ltr'><strong>inutiles</strong></span> <span class='ocrx_word' id='word_1_37' title='bbox 459 538 611 591; x_wconf 82' lang='lat' dir='ltr'><strong>iudicatum</strong></span> <span class='ocrx_word' id='word_1_38' title='bbox 623 540 668 591; x_wconf 81' lang='lat' dir='ltr'><strong>iri.</strong></span> <span class='ocrx_word' id='word_1_39' title='bbox 703 540 802 591; x_wconf 87' lang='lat' dir='ltr'><strong>Dicam</strong></span> <span class='ocrx_word' id='word_1_40' title='bbox 815 541 888 592; x_wconf 90' lang='lat' dir='ltr'><strong>enim</strong></span> 
     </span>
     <span class='ocr_line' id='line_1_7' title="bbox 92 605 888 673; baseline 0.001 -17"><span class='ocrx_word' id='word_1_41' title='bbox 92 605 127 656; x_wconf 92' lang='lat' dir='ltr'><strong>de</strong></span> <span class='ocrx_word' id='word_1_42' title='bbox 137 605 264 670; x_wconf 71' lang='lat' dir='ltr'><strong>poetices</strong></span> <span class='ocrx_word' id='word_1_43' title='bbox 276 606 363 670; x_wconf 86' lang='lat' dir='ltr'><strong>ipsius</strong></span> <span class='ocrx_word' id='word_1_44' title='bbox 373 611 472 668; x_wconf 79' lang='lat' dir='ltr'><strong>nature</strong></span> <span class='ocrx_word' id='word_1_45' title='bbox 480 605 597 672; x_wconf 91' lang='lat' dir='ltr'><strong>primum</strong></span> <span class='ocrx_word' id='word_1_46' title='bbox 608 611 637 656; x_wconf 87' lang='lat' dir='ltr'><strong>et</strong></span> <span class='ocrx_word' id='word_1_47' title='bbox 646 607 819 673; x_wconf 80' lang='lat' dir='ltr'><strong>antiquitate,</strong></span> <span class='ocrx_word' id='word_1_48' title='bbox 830 613 888 658; x_wconf 89' lang='lat' dir='ltr'><strong>tum</strong></span> 
     </span>
     <span class='ocr_line' id='line_1_8' title="bbox 91 671 887 740; baseline 0.006 -19"><span class='ocrx_word' id='word_1_49' title='bbox 91 671 242 733; x_wconf 78' lang='lat' dir='ltr'><strong>suavitate,</strong></span> <span class='ocrx_word' id='word_1_50' title='bbox 262 678 290 722; x_wconf 86' lang='lat' dir='ltr'><strong>ct</strong></span> <span class='ocrx_word' id='word_1_51' title='bbox 303 671 369 738; x_wconf 80' lang='lat' dir='ltr'><strong>quid</strong></span> <span class='ocrx_word' id='word_1_52' title='bbox 382 672 431 734; x_wconf 91' lang='lat' dir='ltr'><strong>sit,</strong></span> <span class='ocrx_word' id='word_1_53' title='bbox 449 671 523 737; x_wconf 89' lang='lat' dir='ltr'><strong>quod</strong></span> <span class='ocrx_word' id='word_1_54' title='bbox 538 686 598 722; x_wconf 86' lang='lat' dir='ltr'><strong>eam</strong></span> <span class='ocrx_word' id='word_1_55' title='bbox 612 677 759 740; x_wconf 81' lang='lat' dir='ltr'><strong>tantopere</strong></span> <span class='ocrx_word' id='word_1_56' title='bbox 775 688 887 728; x_wconf 77' lang='lat' dir='ltr'>suavem</span> 
     </span>
     <span class='ocr_line' id='line_1_9' title="bbox 91 736 887 817; baseline 0.004 -29"><span class='ocrx_word' id='word_1_57' title='bbox 91 737 204 800; x_wconf 83' lang='lat' dir='ltr'><strong>efficiet,</strong></span> <span class='ocrx_word' id='word_1_58' title='bbox 217 752 339 805; x_wconf 84' lang='lat' dir='ltr'><strong>quasque</strong></span> <span class='ocrx_word' id='word_1_59' title='bbox 349 737 400 788; x_wconf 83' lang='lat' dir='ltr'><strong>ille</strong></span> <span class='ocrx_word' id='word_1_60' title='bbox 409 736 548 788; x_wconf 90' lang='lat' dir='ltr'><strong>hominum</strong></span> <span class='ocrx_word' id='word_1_61' title='bbox 559 739 656 817; x_wconf 74' lang='lat' dir='ltr'><strong>generi</strong></span> <span class='ocrx_word' id='word_1_62' title='bbox 664 741 800 791; x_wconf 81' lang='lat' dir='ltr'><strong>utilitates</strong></span> <span class='ocrx_word' id='word_1_63' title='bbox 809 745 838 791; x_wconf 88' lang='lat' dir='ltr'><strong>et</strong></span> <span class='ocrx_word' id='word_1_64' title='bbox 847 747 887 791; x_wconf 89' lang='lat' dir='ltr'><strong>at·</strong></span> 
     </span>
     <span class='ocr_line' id='line_1_10' title="bbox 90 802 910 872; baseline 0.006 -18"><span class='ocrx_word' id='word_1_65' title='bbox 90 802 186 854; x_wconf 82' lang='lat' dir='ltr'><strong>tulerit</strong></span> <span class='ocrx_word' id='word_1_66' title='bbox 200 811 229 855; x_wconf 88' lang='lat' dir='ltr'><strong>et</strong></span> <span class='ocrx_word' id='word_1_67' title='bbox 244 811 380 871; x_wconf 86' lang='lat' dir='ltr'><strong>perpetuo</strong></span> <span class='ocrx_word' id='word_1_68' title='bbox 396 802 508 867; x_wconf 83' lang='lat' dir='ltr'><strong>afferat3</strong></span> <span class='ocrx_word' id='word_1_69' title='bbox 528 804 628 855; x_wconf 89' lang='lat' dir='ltr'><strong>demde</strong></span> <span class='ocrx_word' id='word_1_70' title='bbox 639 807 770 872; x_wconf 84' lang='lat' dir='ltr'><strong>quasdam</strong></span> <span class='ocrx_word' id='word_1_71' title='bbox 781 807 886 858; x_wconf 84' lang='lat' dir='ltr'><strong>Aristo-</strong></span> <span class='ocrx_word' id='word_1_72' title='bbox 907 823 910 828; x_wconf 92' lang='lat'>·</span> 
     </span>
     <span class='ocr_line' id='line_1_11' title="bbox 89 869 888 941; baseline 0.006 -22"><span class='ocrx_word' id='word_1_73' title='bbox 89 869 154 920; x_wconf 86' lang='lat' dir='ltr'><strong>telis</strong></span> <span class='ocrx_word' id='word_1_74' title='bbox 175 869 210 922; x_wconf 85' lang='lat' dir='ltr'><strong>de</strong></span> <span class='ocrx_word' id='word_1_75' title='bbox 230 873 311 937; x_wconf 78' lang='lat' dir='ltr'><strong>poesi</strong></span> <span class='ocrx_word' id='word_1_76' title='bbox 329 885 361 920; x_wconf 82' lang='lat' dir='ltr'><strong>ae</strong></span> <span class='ocrx_word' id='word_1_77' title='bbox 383 873 474 936; x_wconf 74' lang='lat' dir='ltr'><strong>poetis</strong></span> <span class='ocrx_word' id='word_1_78' title='bbox 494 871 660 935; x_wconf 78' lang='lat' dir='ltr'><strong>sententiae,</strong></span> <span class='ocrx_word' id='word_1_79' title='bbox 682 887 752 941; x_wconf 81' lang='lat' dir='ltr'><strong>quae</strong></span> <span class='ocrx_word' id='word_1_80' title='bbox 773 878 888 939; x_wconf 89' lang='lat' dir='ltr'><strong>propter</strong></span> 
     </span>
     <span class='ocr_line' id='line_1_12' title="bbox 88 936 885 1000; baseline 0.005 -14"><span class='ocrx_word' id='word_1_81' title='bbox 88 936 177 1000; x_wconf 84' lang='lat' dir='ltr'><strong>ipsius</strong></span> <span class='ocrx_word' id='word_1_82' title='bbox 191 938 388 988; x_wconf 86' lang='lat' dir='ltr'><strong>auctoritatem</strong></span> <span class='ocrx_word' id='word_1_83' title='bbox 399 940 428 987; x_wconf 80' lang='lat' dir='ltr'><strong>in</strong></span> <span class='ocrx_word' id='word_1_84' title='bbox 439 937 560 988; x_wconf 88' lang='lat' dir='ltr'><strong>omnium</strong></span> <span class='ocrx_word' id='word_1_85' title='bbox 570 936 630 990; x_wconf 79' lang='lat' dir='ltr'><strong>iere</strong></span> <span class='ocrx_word' id='word_1_86' title='bbox 639 939 695 990; x_wconf 87' lang='lat' dir='ltr'><strong>iam</strong></span> <span class='ocrx_word' id='word_1_87' title='bbox 705 940 802 992; x_wconf 87' lang='lat' dir='ltr'><strong>animis</strong></span> <span class='ocrx_word' id='word_1_88' title='bbox 812 943 885 992; x_wconf 76' lang='lat' dir='ltr'><strong>inse·</strong></span> 
     </span>
     <span class='ocr_line' id='line_1_13' title="bbox 90 1002 885 1072; baseline 0.008 -20"><span class='ocrx_word' id='word_1_89' title='bbox 90 1003 197 1064; x_wconf 86' lang='lat' dir='ltr'><strong>derunt,</strong></span> <span class='ocrx_word' id='word_1_90' title='bbox 208 1004 323 1054; x_wconf 81' lang='lat' dir='ltr'><strong>tentabo</strong></span> <span class='ocrx_word' id='word_1_91' title='bbox 334 1009 362 1054; x_wconf 88' lang='lat' dir='ltr'><strong>et</strong></span> <span class='ocrx_word' id='word_1_92' title='bbox 372 1002 407 1053; x_wconf 85' lang='lat' dir='ltr'><strong>ad</strong></span> <span class='ocrx_word' id='word_1_93' title='bbox 416 1003 639 1070; x_wconf 77' lang='lat' dir='ltr'><strong>disquisitionem</strong></span> <span class='ocrx_word' id='word_1_94' title='bbox 648 1006 770 1070; x_wconf 73' lang='lat' dir='ltr'><strong>vocabo,</strong></span> <span class='ocrx_word' id='word_1_95' title='bbox 778 1012 885 1072; x_wconf 87' lang='lat' dir='ltr'><strong>postre-</strong></span> 
     </span>
     <span class='ocr_line' id='line_1_14' title="bbox 89 1069 886 1189; baseline 0.003 -69"><span class='ocrx_word' id='word_1_96' title='bbox 89 1083 133 1120; x_wconf 90' lang='lat' dir='ltr'><strong>mo</strong></span> <span class='ocrx_word' id='word_1_97' title='bbox 144 1084 206 1119; x_wconf 91' lang='lat' dir='ltr'><strong>cum</strong></span> <span class='ocrx_word' id='word_1_98' title='bbox 217 1075 247 1122; x_wconf 90' lang='lat' dir='ltr'><strong>et</strong></span> <span class='ocrx_word' id='word_1_99' title='bbox 258 1069 292 1121; x_wconf 94' lang='lat' dir='ltr'><strong>de</strong></span> <span class='ocrx_word' id='word_1_100' title='bbox 303 1069 423 1136; x_wconf 84' lang='lat' dir='ltr'><strong>Virgilio</strong></span> <span class='ocrx_word' id='word_1_101' title='bbox 433 1071 495 1137; x_wconf 91' lang='lat' dir='ltr'><strong>ipso</strong></span> <span class='ocrx_word' id='word_1_102' title='bbox 508 1076 537 1120; x_wconf 90' lang='lat' dir='ltr'><strong>et</strong></span> <span class='ocrx_word' id='word_1_103' title='bbox 547 1070 582 1122; x_wconf 93' lang='lat' dir='ltr'><strong>de</strong></span> <span class='ocrx_word' id='word_1_104' title='bbox 591 1069 656 1134; x_wconf 89' lang='lat' dir='ltr'><strong>hoe,</strong></span> <span class='ocrx_word' id='word_1_105' title='bbox 676 1073 751 1189; x_wconf 49' lang='lat' dir='ltr'><strong>guod</strong></span> <span class='ocrx_word' id='word_1_106' title='bbox 765 1072 845 1124; x_wconf 87' lang='lat' dir='ltr'><strong>nobis</strong></span> <span class='ocrx_word' id='word_1_107' title='bbox 855 1073 886 1122; x_wconf 89' lang='lat' dir='ltr'><strong>in</strong></span> 
     </span>
     <span class='ocr_line' id='line_1_15' title="bbox 88 1135 884 1206; baseline 0.008 -22"><span class='ocrx_word' id='word_1_108' title='bbox 88 1135 214 1188; x_wconf 85' lang='lat' dir='ltr'><strong>manibus</strong></span> <span class='ocrx_word' id='word_1_109' title='bbox 229 1143 287 1199; x_wconf 83' lang='lat' dir='ltr'><strong>est,</strong></span> <span class='ocrx_word' id='word_1_110' title='bbox 300 1138 360 1188; x_wconf 85' lang='lat' dir='ltr'><strong>eius</strong></span> <span class='ocrx_word' id='word_1_111' title='bbox 370 1139 497 1202; x_wconf 76' lang='lat' dir='ltr'><strong>poemate</strong></span> <span class='ocrx_word' id='word_1_112' title='bbox 507 1151 596 1202; x_wconf 83' lang='lat' dir='ltr'><strong>pauca</strong></span> <span class='ocrx_word' id='word_1_113' title='bbox 606 1153 676 1204; x_wconf 88' lang='lat' dir='ltr'><strong>quae</strong></span> <span class='ocrx_word' id='word_1_114' title='bbox 697 1154 740 1190; x_wconf 88' lang='lat' dir='ltr'><strong>am</strong></span> <span class='ocrx_word' id='word_1_115' title='bbox 753 1139 787 1190; x_wconf 84' lang='lat' dir='ltr'><strong>ed</strong></span> <span class='ocrx_word' id='word_1_116' title='bbox 797 1138 884 1206; x_wconf 76' lang='lat' dir='ltr'><strong>ipsius</strong></span> 
     </span>
     <span class='ocr_line' id='line_1_16' title="bbox 90 1201 884 1270; baseline 0.005 -20"><span class='ocrx_word' id='word_1_117' title='bbox 90 1201 254 1268; x_wconf 83' lang='lat' dir='ltr'><strong>dignitatem</strong></span> <span class='ocrx_word' id='word_1_118' title='bbox 269 1219 302 1254; x_wconf 90' lang='lat' dir='ltr'><strong>ac</strong></span> <span class='ocrx_word' id='word_1_119' title='bbox 313 1204 578 1256; x_wconf 80' lang='lat' dir='ltr'><strong>commendationem</strong></span> <span class='ocrx_word' id='word_1_120' title='bbox 588 1205 755 1270; x_wconf 78' lang='lat' dir='ltr'><strong>pertinentia</strong></span> <span class='ocrx_word' id='word_1_121' title='bbox 764 1204 884 1270; x_wconf 82' lang='lat' dir='ltr'><strong>protule·</strong></span> 
     </span>
     <span class='ocr_line' id='line_1_17' title="bbox 89 1268 886 1334; baseline 0.005 -16"><span class='ocrx_word' id='word_1_122' title='bbox 89 1280 134 1330; x_wconf 85' lang='lat' dir='ltr'><strong>ro,</strong></span> <span class='ocrx_word' id='word_1_123' title='bbox 149 1269 258 1322; x_wconf 76' lang='lat' dir='ltr'><strong>mittam</strong></span> <span class='ocrx_word' id='word_1_124' title='bbox 268 1268 444 1331; x_wconf 88' lang='lat' dir='ltr'><strong>concionem,</strong></span> <span class='ocrx_word' id='word_1_125' title='bbox 459 1282 549 1334; x_wconf 88' lang='lat' dir='ltr'><strong>neque</strong></span> <span class='ocrx_word' id='word_1_126' title='bbox 563 1273 745 1334; x_wconf 88' lang='lat' dir='ltr'><strong>committam,</strong></span> <span class='ocrx_word' id='word_1_127' title='bbox 759 1277 790 1321; x_wconf 90' lang='lat' dir='ltr'><strong>ut</strong></span> <span class='ocrx_word' id='word_1_128' title='bbox 800 1271 886 1322; x_wconf 87' lang='lat' dir='ltr'><strong>nimiu</strong></span> 
     </span>
     <span class='ocr_line' id='line_1_18' title="bbox 89 1332 893 1403; baseline 0.007 -21"><span class='ocrx_word' id='word_1_129' title='bbox 89 1332 265 1402; x_wconf 80' lang='lat' dir='ltr'><strong>longitudine</strong></span> <span class='ocrx_word' id='word_1_130' title='bbox 280 1342 327 1386; x_wconf 90' lang='lat' dir='ltr'><strong>aut</strong></span> <span class='ocrx_word' id='word_1_131' title='bbox 340 1335 421 1386; x_wconf 82' lang='lat' dir='ltr'><strong>vobis</strong></span> <span class='ocrx_word' id='word_1_132' title='bbox 433 1335 579 1386; x_wconf 83' lang='lat' dir='ltr'><strong>molestiae</strong></span> <span class='ocrx_word' id='word_1_133' title='bbox 593 1334 658 1396; x_wconf 82' lang='lat' dir='ltr'><strong>sim,</strong></span> <span class='ocrx_word' id='word_1_134' title='bbox 678 1342 726 1388; x_wconf 84' lang='lat' dir='ltr'><strong>aut</strong></span> <span class='ocrx_word' id='word_1_135' title='bbox 741 1337 816 1398; x_wconf 90' lang='lat' dir='ltr'><strong>aliis,</strong></span> <span class='ocrx_word' id='word_1_136' title='bbox 836 1337 893 1403; x_wconf 83' lang='lat' dir='ltr'><strong>qui&#39;</strong></span> 
     </span>
     <span class='ocr_line' id='line_1_19' title="bbox 89 1401 884 1468; baseline 0.003 -18"><span class='ocrx_word' id='word_1_137' title='bbox 89 1409 152 1465; x_wconf 91' lang='lat' dir='ltr'><strong>post</strong></span> <span class='ocrx_word' id='word_1_138' title='bbox 161 1417 204 1454; x_wconf 88' lang='lat' dir='ltr'><strong>me</strong></span> <span class='ocrx_word' id='word_1_139' title='bbox 214 1405 245 1455; x_wconf 88' lang='lat' dir='ltr'><strong>in</strong></span> <span class='ocrx_word' id='word_1_140' title='bbox 254 1401 326 1454; x_wconf 89' lang='lat' dir='ltr'><strong>hunc</strong></span> <span class='ocrx_word' id='word_1_141' title='bbox 336 1401 427 1452; x_wconf 87' lang='lat' dir='ltr'><strong>locum</strong></span> <span class='ocrx_word' id='word_1_142' title='bbox 438 1402 617 1454; x_wconf 74' lang='lat' dir='ltr'><strong>conscensum</strong></span> <span class='ocrx_word' id='word_1_143' title='bbox 626 1401 884 1468; x_wconf 87' lang='lat' dir='ltr'><strong>sunt,impedimen-</strong></span> 
     </span>
     <span class='ocr_line' id='line_1_20' title="bbox 89 1465 883 1531; baseline 0.003 -13"><span class='ocrx_word' id='word_1_144' title='bbox 89 1472 128 1518; x_wconf 86' lang='lat' dir='ltr'><strong>to.</strong></span> <span class='ocrx_word' id='word_1_145' title='bbox 163 1465 310 1522; x_wconf 72' lang='lat' dir='ltr'><strong>Poeticam</strong></span> <span class='ocrx_word' id='word_1_146' title='bbox 328 1475 453 1531; x_wconf 74' lang='lat' dir='ltr'><strong>veteres,</strong></span> <span class='ocrx_word' id='word_1_147' title='bbox 473 1476 504 1519; x_wconf 91' lang='lat' dir='ltr'><strong>ut</strong></span> <span class='ocrx_word' id='word_1_148' title='bbox 517 1467 581 1518; x_wconf 89' lang='lat' dir='ltr'><strong>hinc</strong></span> <span class='ocrx_word' id='word_1_149' title='bbox 595 1469 737 1531; x_wconf 83' lang='lat' dir='ltr'><strong>exordiar,</strong></span> <span class='ocrx_word' id='word_1_150' title='bbox 758 1483 814 1523; x_wconf 85' lang='lat' dir='ltr'><strong>nou</strong></span> <span class='ocrx_word' id='word_1_151' title='bbox 826 1475 883 1520; x_wconf 86' lang='lat' dir='ltr'><strong>tam</strong></span> 
     </span>
     <span class='ocr_line' id='line_1_21' title="bbox 89 1535 886 1602; baseline 0.008 -20"><span class='ocrx_word' id='word_1_152' title='bbox 89 1539 176 1586; x_wconf 88' lang='lat' dir='ltr'><strong>artem</strong></span> <span class='ocrx_word' id='word_1_153' title='bbox 189 1551 267 1600; x_wconf 82' lang='lat' dir='ltr'><strong>esse,</strong></span> <span class='ocrx_word' id='word_1_154' title='bbox 286 1550 367 1602; x_wconf 88' lang='lat' dir='ltr'><strong>quam</strong></span> <span class='ocrx_word' id='word_1_155' title='bbox 380 1535 571 1592; x_wconf 85' lang='lat' dir='ltr'><strong>incitationem</strong></span> <span class='ocrx_word' id='word_1_156' title='bbox 603 1535 720 1586; x_wconf 85' lang='lat' dir='ltr'><strong>uandam</strong></span> <span class='ocrx_word' id='word_1_157' title='bbox 738 1535 836 1597; x_wconf 84' lang='lat' dir='ltr'><strong>enimi,</strong></span> <span class='ocrx_word' id='word_1_158' title='bbox 855 1541 886 1588; x_wconf 87' lang='lat' dir='ltr'><strong>et</strong></span> 
     </span>
     <span class='ocr_line' id='line_1_22' title="bbox 89 1551 883 1668; baseline 0.009 -21"><span class='ocrx_word' id='word_1_159' title='bbox 89 1597 211 1655; x_wconf 77' lang='lat' dir='ltr'><strong>fororem</strong></span> <span class='ocrx_word' id='word_1_160' title='bbox 221 1603 354 1656; x_wconf 81' lang='lat' dir='ltr'><strong>divininss</strong></span> <span class='ocrx_word' id='word_1_161' title='bbox 363 1601 528 1663; x_wconf 84' lang='lat' dir='ltr'><strong>immissum,</strong></span> <span class='ocrx_word' id='word_1_162' title='bbox 541 1551 631 1668; x_wconf 66' lang='lat' dir='ltr'><strong>quiin</strong></span> <span class='ocrx_word' id='word_1_163' title='bbox 642 1602 724 1652; x_wconf 82' lang='lat' dir='ltr'><strong>estin</strong></span> <span class='ocrx_word' id='word_1_164' title='bbox 732 1601 883 1654; x_wconf 74' lang='lat' dir='ltr'><strong>vaticinos·</strong></span> 
     </span>
     <span class='ocr_line' id='line_1_23' title="bbox 89 1665 882 1735; baseline 0.005 -19"><span class='ocrx_word' id='word_1_165' title='bbox 89 1665 175 1730; x_wconf 86' lang='lat' dir='ltr'><strong>tibus,</strong></span> <span class='ocrx_word' id='word_1_166' title='bbox 194 1669 362 1721; x_wconf 88' lang='lat' dir='ltr'><strong>iudicarunt.</strong></span> <span class='ocrx_word' id='word_1_167' title='bbox 398 1667 479 1727; x_wconf 73' lang='lat' dir='ltr'><strong>Quod</strong></span> <span class='ocrx_word' id='word_1_168' title='bbox 497 1670 537 1718; x_wconf 88' lang='lat' dir='ltr'><strong>ita</strong></span> <span class='ocrx_word' id='word_1_169' title='bbox 555 1669 694 1733; x_wconf 73' lang='lat' dir='ltr'><strong>expressit</strong></span> <span class='ocrx_word' id='word_1_170' title='bbox 713 1668 811 1720; x_wconf 84' lang='lat' dir='ltr'><strong>Cicero</strong></span> <span class='ocrx_word' id='word_1_171' title='bbox 832 1683 882 1735; x_wconf 90' lang='lat' dir='ltr'><strong>pro</strong></span> 
     </span>
     <span class='ocr_line' id='line_1_24' title="bbox 89 1731 884 1802; baseline 0.008 -22"><span class='ocrx_word' id='word_1_172' title='bbox 89 1731 228 1800; x_wconf 59' lang='lat' dir='ltr'><strong>Archiam:</strong></span> <span class='ocrx_word' id='word_1_173' title='bbox 242 1735 288 1786; x_wconf 76' lang='lat' dir='ltr'><strong>Sic</strong></span> <span class='ocrx_word' id='word_1_174' title='bbox 298 1750 316 1784; x_wconf 86' lang='lat' dir='ltr'><strong>a</strong></span> <span class='ocrx_word' id='word_1_175' title='bbox 325 1734 430 1784; x_wconf 72' lang='lat' dir='ltr'><strong>summit</strong></span> <span class='ocrx_word' id='word_1_176' title='bbox 440 1733 587 1788; x_wconf 68' lang='lat' dir='ltr'><strong>leuinim&#39;boe</strong></span> <span class='ocrx_word' id='word_1_177' title='bbox 598 1734 884 1802; x_wconf 69' lang='lat' dir='ltr'><strong>eruditissimisqueae-</strong></span> 
     </span>
     <span class='ocr_line' id='line_1_25' title="bbox 90 1798 881 1868; baseline 0.01 -22"><span class='ocrx_word' id='word_1_178' title='bbox 90 1798 200 1863; x_wconf 73' lang='lat' dir='ltr'><strong>cepimus</strong></span> <span class='ocrx_word' id='word_1_179' title='bbox 204 1838 213 1864; x_wconf 99' lang='lat'><strong>,</strong></span> <span class='ocrx_word' id='word_1_180' title='bbox 234 1809 382 1854; x_wconf 81' lang='lat' dir='ltr'><strong>ceterarum</strong></span> <span class='ocrx_word' id='word_1_181' title='bbox 392 1817 481 1854; x_wconf 81' lang='lat' dir='ltr'><strong>rerum</strong></span> <span class='ocrx_word' id='word_1_182' title='bbox 495 1801 583 1852; x_wconf 82' lang='lat' dir='ltr'><strong>studia</strong></span> <span class='ocrx_word' id='word_1_183' title='bbox 597 1809 624 1853; x_wconf 86' lang='lat' dir='ltr'><strong>et</strong></span> <span class='ocrx_word' id='word_1_184' title='bbox 635 1801 758 1854; x_wconf 78' lang='lat' dir='ltr'><strong>doctrina</strong></span> <span class='ocrx_word' id='word_1_185' title='bbox 769 1809 797 1852; x_wconf 84' lang='lat' dir='ltr'><strong>et</strong></span> <span class='ocrx_word' id='word_1_186' title='bbox 801 1817 881 1868; x_wconf 82' lang='lat' dir='ltr'><strong>proe-</strong></span> 
     </span>
     <span class='ocr_line' id='line_1_26' title="bbox 91 1866 884 1935; baseline 0.003 -18"><span class='ocrx_word' id='word_1_187' title='bbox 91 1866 169 1930; x_wconf 65' lang='grc' dir='ltr'><strong>σφώ</strong></span> <span class='ocrx_word' id='word_1_188' title='bbox 182 1877 208 1920; x_wconf 85' lang='lat' dir='ltr'><strong>et</strong></span> <span class='ocrx_word' id='word_1_189' title='bbox 224 1876 285 1920; x_wconf 84' lang='lat' dir='ltr'><strong>orte</strong></span> <span class='ocrx_word' id='word_1_190' title='bbox 300 1875 434 1918; x_wconf 79' lang='lat' dir='ltr'><strong>constare:</strong></span> <span class='ocrx_word' id='word_1_191' title='bbox 448 1871 557 1935; x_wconf 70' lang='lat' dir='ltr'><strong>poetam</strong></span> <span class='ocrx_word' id='word_1_192' title='bbox 568 1869 733 1934; x_wconf 80' lang='lat' dir='ltr'><strong>noturaipea</strong></span> <span class='ocrx_word' id='word_1_193' title='bbox 743 1869 840 1928; x_wconf 78' lang='lat' dir='ltr'><strong>valere,</strong></span> <span class='ocrx_word' id='word_1_194' title='bbox 856 1875 884 1919; x_wconf 83' lang='lat' dir='ltr'><strong>et</strong></span> 
     </span>
     <span class='ocr_line' id='line_1_27' title="bbox 92 1931 882 2001; baseline 0.003 -17"><span class='ocrx_word' id='word_1_195' title='bbox 92 1932 181 1984; x_wconf 74' lang='lat' dir='ltr'><strong>menti·</strong></span> <span class='ocrx_word' id='word_1_196' title='bbox 194 1935 293 1988; x_wconf 68' lang='lat' dir='ltr'><strong>viribus</strong></span> <span class='ocrx_word' id='word_1_197' title='bbox 303 1933 428 1995; x_wconf 76' lang='lat' dir='ltr'><strong>excitari,</strong></span> <span class='ocrx_word' id='word_1_198' title='bbox 442 1943 469 1985; x_wconf 84' lang='lat' dir='ltr'><strong>et</strong></span> <span class='ocrx_word' id='word_1_199' title='bbox 478 1931 555 2000; x_wconf 76' lang='lat' dir='ltr'><strong>quati</strong></span> <span class='ocrx_word' id='word_1_200' title='bbox 563 1933 650 1985; x_wconf 76' lang='lat' dir='ltr'><strong>divino</strong></span> <span class='ocrx_word' id='word_1_201' title='bbox 663 1935 775 2001; x_wconf 77' lang='lat' dir='ltr'><strong>quodam</strong></span> <span class='ocrx_word' id='word_1_202' title='bbox 785 1933 882 2000; x_wconf 75' lang='lat' dir='ltr'><strong>spirito</strong></span> 
     </span>
     <span class='ocr_line' id='line_1_28' title="bbox 93 1993 881 2067; baseline 0.004 -19"><span class='ocrx_word' id='word_1_203' title='bbox 93 1993 191 2065; x_wconf 74' lang='lat' dir='ltr'><strong>afflari.</strong></span> <span class='ocrx_word' id='word_1_204' title='bbox 226 2001 263 2052; x_wconf 87' lang='lat' dir='ltr'><strong>Et</strong></span> <span class='ocrx_word' id='word_1_205' title='bbox 276 2001 348 2067; x_wconf 87' lang='lat' dir='ltr'><strong>apud</strong></span> <span class='ocrx_word' id='word_1_206' title='bbox 363 2000 481 2052; x_wconf 85' lang='lat' dir='ltr'><strong>eundem</strong></span> <span class='ocrx_word' id='word_1_207' title='bbox 489 2000 623 2051; x_wconf 77' lang='lat' dir='ltr'><strong>Antonius</strong></span> <span class='ocrx_word' id='word_1_208' title='bbox 633 2001 681 2052; x_wconf 90' lang='lat' dir='ltr'><strong>lib.</strong></span> <span class='ocrx_word' id='word_1_209' title='bbox 692 2000 725 2053; x_wconf 81' lang='grc' dir='ltr'><strong>ΙΙ.</strong></span> <span class='ocrx_word' id='word_1_210' title='bbox 737 2001 771 2052; x_wconf 89' lang='lat' dir='ltr'><strong>de</strong></span> <span class='ocrx_word' id='word_1_211' title='bbox 783 2001 881 2051; x_wconf 86' lang='lat' dir='ltr'><strong>Orato-</strong></span> 
     </span>
     <span class='ocr_line' id='line_1_29' title="bbox 93 2064 881 2134; baseline -0.006 -11"><span class='ocrx_word' id='word_1_212' title='bbox 93 2065 165 2123; x_wconf 68' lang='lat' dir='ltr'><strong>l&#39;‘²⁴¹*i</strong></span> <span class='ocrx_word' id='word_1_213' title='bbox 176 2064 228 2120; x_wconf 87' lang='lat' dir='ltr'><strong>hoc</strong></span> <span class='ocrx_word' id='word_1_214' title='bbox 238 2070 327 2134; x_wconf 88' lang='lat' dir='ltr'><strong>ipsum</strong></span> <span class='ocrx_word' id='word_1_215' title='bbox 339 2083 356 2118; x_wconf 89' lang='lat' dir='ltr'><strong>a</strong></span> <span class='ocrx_word' id='word_1_216' title='bbox 365 2067 526 2118; x_wconf 88' lang='lat' dir='ltr'><strong>Democrito</strong></span> <span class='ocrx_word' id='word_1_217' title='bbox 539 2072 568 2117; x_wconf 90' lang='lat' dir='ltr'><strong>et</strong></span> <span class='ocrx_word' id='word_1_218' title='bbox 577 2082 594 2118; x_wconf 85' lang='lat' dir='ltr'><strong>a</strong></span> <span class='ocrx_word' id='word_1_219' title='bbox 603 2066 721 2119; x_wconf 86' lang='lat' dir='ltr'><strong>Platone</strong></span> <span class='ocrx_word' id='word_1_220' title='bbox 731 2069 759 2118; x_wconf 88' lang='lat' dir='ltr'><strong>in</strong></span> <span class='ocrx_word' id='word_1_221' title='bbox 770 2069 881 2133; x_wconf 81' lang='lat' dir='ltr'><strong>seriptis</strong></span> 
     </span>
     <span class='ocr_line' id='line_1_30' title="bbox 95 2129 881 2201; baseline 0.013 -27"><span class='ocrx_word' id='word_1_222' title='bbox 95 2129 214 2186; x_wconf 88' lang='lat' dir='ltr'><strong>relictum</strong></span> <span class='ocrx_word' id='word_1_223' title='bbox 231 2149 294 2186; x_wconf 85' lang='lat' dir='ltr'><strong>esse</strong></span> <span class='ocrx_word' id='word_1_224' title='bbox 309 2134 385 2186; x_wconf 78' lang='lat' dir='ltr'><strong>dicit</strong></span> <span class='ocrx_word' id='word_1_225' title='bbox 418 2136 457 2184; x_wconf 82' lang='lat' dir='ltr'><strong>Ac</strong></span> <span class='ocrx_word' id='word_1_226' title='bbox 470 2134 505 2185; x_wconf 89' lang='lat' dir='ltr'><strong>de</strong></span> <span class='ocrx_word' id='word_1_227' title='bbox 516 2132 679 2185; x_wconf 82' lang='lat' dir='ltr'><strong>Democrito</strong></span> <span class='ocrx_word' id='word_1_228' title='bbox 695 2135 804 2201; x_wconf 89' lang='lat' dir='ltr'><strong>quidem</strong></span> <span class='ocrx_word' id='word_1_229' title='bbox 818 2133 881 2184; x_wconf 87' lang='lat' dir='ltr'><strong>aliis</strong></span> 
     </span>
    </p>
   </div>
   <div class='ocr_carea' id='block_1_3' title="bbox 94 2195 973 2522">
    <p class='ocr_par' dir='ltr' id='par_1_3' title="bbox 94 2195 973 2522">
     <span class='ocr_line' id='line_1_31' title="bbox 94 2195 880 2280; baseline 0.009 -38"><span class='ocrx_word' id='word_1_230' title='bbox 94 2195 232 2253; x_wconf 83' lang='lat' dir='ltr'><strong>credamus</strong></span> <span class='ocrx_word' id='word_1_231' title='bbox 247 2215 362 2252; x_wconf 87' lang='lat' dir='ltr'><strong>necesse</strong></span> <span class='ocrx_word' id='word_1_232' title='bbox 377 2207 434 2264; x_wconf 84' lang='lat' dir='ltr'><strong>est,</strong></span> <span class='ocrx_word' id='word_1_233' title='bbox 451 2215 512 2252; x_wconf 87' lang='lat' dir='ltr'><strong>cum</strong></span> <span class='ocrx_word' id='word_1_234' title='bbox 521 2201 609 2266; x_wconf 84' lang='lat' dir='ltr'><strong>ipsius</strong></span> <span class='ocrx_word' id='word_1_235' title='bbox 623 2203 726 2266; x_wconf 79' lang='lat' dir='ltr'><strong>scripta</strong></span> <span class='ocrx_word' id='word_1_236' title='bbox 738 2201 880 2280; x_wconf 81' lang='lat' dir='ltr'><strong>perierint,</strong></span> 
     </span>
     <span class='ocr_line' id='line_1_32' title="bbox 95 2262 937 2326; baseline 0.005 -15"><span class='ocrx_word' id='word_1_237' title='bbox 95 2262 162 2324; x_wconf 81' lang='lat' dir='ltr'><strong>apud</strong></span> <span class='ocrx_word' id='word_1_238' title='bbox 172 2264 315 2320; x_wconf 80' lang='lat' dir='ltr'><strong>Platonem</strong></span> <span class='ocrx_word' id='word_1_239' title='bbox 327 2274 419 2320; x_wconf 86' lang='lat' dir='ltr'><strong>autem</strong></span> <span class='ocrx_word' id='word_1_240' title='bbox 427 2268 467 2320; x_wconf 82' lang='lat' dir='ltr'><strong>ita</strong></span> <span class='ocrx_word' id='word_1_241' title='bbox 476 2268 570 2318; x_wconf 85' lang='lat' dir='ltr'><strong>multis</strong></span> <span class='ocrx_word' id='word_1_242' title='bbox 580 2268 650 2318; x_wconf 82' lang='lat' dir='ltr'><strong>locis</strong></span> <span class='ocrx_word' id='word_1_243' title='bbox 661 2265 714 2318; x_wconf 88' lang='lat' dir='ltr'><strong>hoe</strong></span> <span class='ocrx_word' id='word_1_244' title='bbox 724 2267 836 2326; x_wconf 79' lang='lat' dir='ltr'><strong>dicitur,</strong></span> <span class='ocrx_word' id='word_1_245' title='bbox 850 2273 883 2316; x_wconf 89' lang='lat' dir='ltr'><strong>ut</strong></span> <span class='ocrx_word' id='word_1_246' title='bbox 933 2281 937 2292; x_wconf 75' lang='lat'><strong><em>¹</em></strong></span> 
     </span>
     <span class='ocr_line' id='line_1_33' title="bbox 95 2328 882 2399; baseline 0.008 -24"><span class='ocrx_word' id='word_1_247' title='bbox 95 2328 213 2390; x_wconf 81' lang='lat' dir='ltr'><strong>putidum</strong></span> <span class='ocrx_word' id='word_1_248' title='bbox 235 2335 285 2396; x_wconf 83' lang='lat' dir='ltr'><strong>eit,</strong></span> <span class='ocrx_word' id='word_1_249' title='bbox 313 2349 364 2386; x_wconf 87' lang='lat' dir='ltr'><strong>eos</strong></span> <span class='ocrx_word' id='word_1_250' title='bbox 387 2336 543 2386; x_wconf 80' lang='lat' dir='ltr'><strong>accuratius</strong></span> <span class='ocrx_word' id='word_1_251' title='bbox 567 2347 742 2399; x_wconf 83' lang='lat' dir='ltr'><strong>percensere.</strong></span> <span class='ocrx_word' id='word_1_252' title='bbox 778 2332 834 2384; x_wconf 86' lang='lat' dir='ltr'><strong>Sed</strong></span> <span class='ocrx_word' id='word_1_253' title='bbox 853 2338 882 2381; x_wconf 87' lang='lat' dir='ltr'><strong>et</strong></span> 
     </span>
     <span class='ocr_line' id='line_1_34' title="bbox 95 2395 973 2468; baseline -0.008 -13"><span class='ocrx_word' id='word_1_254' title='bbox 95 2395 189 2454; x_wconf 75' lang='lat' dir='ltr'><strong>initae</strong></span> <span class='ocrx_word' id='word_1_255' title='bbox 210 2401 263 2467; x_wconf 88' lang='lat' dir='ltr'><strong>ipsi</strong></span> <span class='ocrx_word' id='word_1_256' title='bbox 285 2399 339 2452; x_wconf 88' lang='lat' dir='ltr'><strong>hoc</strong></span> <span class='ocrx_word' id='word_1_257' title='bbox 362 2399 396 2452; x_wconf 89' lang='lat' dir='ltr'><strong>de</strong></span> <span class='ocrx_word' id='word_1_258' title='bbox 417 2415 450 2453; x_wconf 84' lang='lat' dir='ltr'><strong>ee</strong></span> <span class='ocrx_word' id='word_1_259' title='bbox 469 2401 635 2468; x_wconf 83' lang='lat' dir='ltr'><strong>profitentur</strong></span> <span class='ocrx_word' id='word_1_260' title='bbox 656 2415 690 2452; x_wconf 85' lang='lat' dir='ltr'><strong>ac</strong></span> <span class='ocrx_word' id='word_1_261' title='bbox 710 2399 880 2467; x_wconf 82' lang='lat' dir='ltr'><strong>praedicent,</strong></span> <span class='ocrx_word' id='word_1_262' title='bbox 970 2399 973 2404; x_wconf 71' lang='lat'>‘</span> 
     </span>
     <span class='ocr_line' id='line_1_35' title="bbox 96 2467 391 2522; baseline 0.037 -14"><span class='ocrx_word' id='word_1_263' title='bbox 96 2467 349 2522; x_wconf 72' lang='lat' dir='ltr'><strong>quorumsnntilles</strong></span> <span class='ocrx_word' id='word_1_264' title='bbox 388 2475 391 2480; x_wconf 82' lang='lat'>&#39;</span> 
     </span>
    </p>
   </div>
   <div class='ocr_carea' id='block_1_4' title="bbox 120 2589 731 2722">
    <p class='ocr_par' dir='ltr' id='par_1_4' title="bbox 120 2589 731 2722">
     <span class='ocr_line' id='line_1_36' title="bbox 129 2589 731 2718; baseline -0.003 -75"><span class='ocrx_word' id='word_1_265' title='bbox 129 2589 149 2718; x_wconf 52' lang='grc' dir='ltr'><strong>’ζ</strong></span> <span class='ocrx_word' id='word_1_266' title='bbox 164 2607 182 2638; x_wconf 73' lang='lat' dir='ltr'><strong>c·</strong></span> <span class='ocrx_word' id='word_1_267' title='bbox 191 2601 211 2642; x_wconf 80' lang='lat'><strong>8.</strong></span> <span class='ocrx_word' id='word_1_268' title='bbox 221 2600 240 2654; x_wconf 67' lang='grc' dir='ltr'><strong>ξ.</strong></span> <span class='ocrx_word' id='word_1_269' title='bbox 250 2603 282 2645; x_wconf 65' lang='lat' dir='ltr'><strong>l&amp;</strong></span> <span class='ocrx_word' id='word_1_270' title='bbox 296 2600 335 2644; x_wconf 77' lang='lat' dir='ltr'><strong>ubi</strong></span> <span class='ocrx_word' id='word_1_271' title='bbox 344 2613 387 2655; x_wconf 81' lang='lat' dir='ltr'><strong>pro</strong></span> <span class='ocrx_word' id='word_1_272' title='bbox 395 2598 477 2658; x_wconf 77' lang='lat' dir='ltr'><strong>afflari</strong></span> <span class='ocrx_word' id='word_1_273' title='bbox 484 2609 542 2642; x_wconf 84' lang='lat' dir='ltr'><strong>nune</strong></span> <span class='ocrx_word' id='word_1_274' title='bbox 550 2597 635 2652; x_wconf 63' lang='lat' dir='ltr'><strong>legitur</strong></span> <span class='ocrx_word' id='word_1_275' title='bbox 643 2596 731 2653; x_wconf 58' lang='lat' dir='ltr'><strong>imeri.</strong></span> 
     </span>
     <span class='ocr_line' id='line_1_37' title="bbox 120 2669 227 2722; baseline -0.065 1"><span class='ocrx_word' id='word_1_276' title='bbox 120 2669 139 2690; x_wconf 81' lang='lat'><strong>⁸·</strong></span> <span class='ocrx_word' id='word_1_277' title='bbox 164 2673 227 2722; x_wconf 65' lang='lat' dir='ltr'><strong>ete</strong></span> 
     </span>
    </p>
   </div>
   <div class='ocr_carea' id='block_1_5' title="bbox 0 0 1080 3012">
    <p class='ocr_par' dir='ltr' id='par_1_5' title="bbox 0 0 1080 3012">
     <span class='ocr_line' id='line_1_38' title="bbox 0 0 1080 3012; baseline 0 0"><span class='ocrx_word' id='word_1_278' title='bbox 0 0 1080 3012; x_wconf 95' lang='lat' dir='ltr'><strong> </strong></span> 
     </span>
    </p>
   </div>
  </div>
 </body>
</html>
