2150 3012
378 151 533 212 ORATIO
550 159 616 216 XV.
840 163 891 218 180

93 277 140 318 me
154 253 350 314 conniteminil
366 259 476 312 Utinam
489 260 596 322 velitis,
611 259 756 312 carissima
768 260 837 314 milri
850 278 894 314 ca-

92 331 166 398 pital
185 343 269 396 posse
290 327 363 378 enirn
382 332 451 384 scio.
490 327 600 378 Utinam
618 326 697 378 vobis
715 327 793 380 Deus
812 330 895 382 istem

93 403 215 451 mentem
228 395 370 456 immittat,
384 401 416 446 ut
429 395 508 461 quasi
521 394 643 444 coitione
660 395 777 460 quadam
787 409 819 445 ac
830 409 894 446 con·

3 509 4 520 ,
94 465 248 530 spiratione
260 461 347 522 iacta,
366 475 474 514 mecum
488 460 542 511 hoc
556 473 627 509 anno
638 460 806 511 contendere
817 461 895 513 insti·

93 529 190 590 tuatis,
200 528 298 594 plusne
309 541 362 644 epo
373 527 478 579 laboris
489 533 518 577 et
527 540 629 591 operae
639 526 675 577 ad
685 526 849 590 docendum,
860 542 895 580 en

93 611 146 648 ros
166 595 251 645 studii
270 601 298 645 et
316 596 469 646 aacritatis
489 593 524 643 ad
544 593 705 645 discendum
728 593 894 646 conferatis!

2 681 18 697 ν
97 659 272 713 0insuarem
283 659 350 712 mihi
362 667 391 711 et
400 658 576 712 iniucundum
590 675 724 726 pugnam,
744 662 770 711 si
784 661 894 712 'viceroa

94 736 236 796 acceptam
248 735 276 779 et
286 733 456 794 exoptatam,
471 727 496 778 si
506 727 594 777 rictus
606 725 772 778 discessero.
807 727 894 780 Habi-

91 797 151 847 turi
163 801 255 846 autem
271 810 366 845 sumus
380 794 461 845 huius
472 792 631 844 certaminis
641 794 731 844 nostri
740 793 893 861 agonothe-

92 869 151 914 tam
170 861 336 928 Gregoriunr
357 861 523 912 Pontificem
544 859 634 910 modis
659 861 785 912 omnibus
808 862 893 912 maxi·

93 943 178 980 mum:
189 929 244 994 qui,
257 933 288 978 ut
297 926 418 979 Achilles
427 927 624 986 Honrericus*)
636 929 759 992 praemia
768 933 797 978 et
807 928 892 979 ricto-

93 995 170 1047 ribus
181 995 259 1060 ponit
270 995 398 1057 otricus,
413 995 454 1046 ita
462 996 537 1060 ipse,
550 1007 601 1058 pro
611 1008 662 1043 suo
676 1007 744 1060 erga
754 991 892 1045 ¹honestas

93 1068 168 1113 artes
178 1061 336 1113 incredibili
346 1077 449 1124 amore,
461 1067 490 1113 et
498 1061 588 1122 vobis,
599 1062 623 1111 si
633 1061 760 1123 vincetis,
775 1059 892 1123 etmihi,

93 1129 118 1180 si
128 1129 235 1190 vincar,
256 1128 346 1245 ampla
356 1130 479 1194 praemia
488 1127 689 1179 constituturus
703 1133 754 1179 est.
792 1127 893 1188 Quam-

94 1209 176 1262 quam
185 1209 238 1260 ego
250 1195 297 1260 qui
318 1209 370 1256 ern,
386 1194 448 1246 durn
458 1209 509 1245 vos
519 1195 640 1244 victores
651 1193 772 1255 rideam,
786 1193 892 1246 nullum

94 1260 161 1313 mihi
176 1260 253 1311 aliud
268 1261 420 1325 praemium
437 1274 537 1326 posco:
556 1259 617 1324 plus
634 1260 706 1309 enim
720 1261 893 1326 iampridem

91 1343 154 1379 eum
172 1327 248 1377 illius
265 1322 431 1376 inexhausta
449 1325 632 1386 liberalitate,
678 1340 742 1374 uam
780 1333 893 1378 uantum

91 1392 287 1462 promerebor,
302 1400 476 1444 consecutus.
512 1393 555 1442 Tu
565 1405 645 1453 reru,
657 1340 744 1441 §aule
778 1394 838 1452 oxi,
852 1393 895 1442 vir

93 1466 124 1513 et
137 1459 248 1526 generis
262 1458 408 1510 nobilitate
423 1467 451 1511 et
464 1458 612 1524 splendore
626 1459 699 1509 vitae
711 1464 740 1508 et
750 1457 894 1524 dignitatis

93 1525 183 1595 gradu
193 1532 222 1576 et
231 1525 427 1592 virtutemque
438 1524 770 1585 doctrinuillustrissime,
784 1525 895 1590 suscipe

90 1592 278 1662 patrocinium
288 1599 421 1644 nostrum.
457 1593 626 1644 confirmato
637 1591 812 1642 sanctissimo
822 1590 895 1652 seni,

5 1681 10 1688 ·
93 1667 122 1712 et
136 1658 342 1710 floridissimam
360 1658 430 1711 hanc
447 1660 576 1710 iuvenum
596 1671 740 1721 coronam,
759 1672 840 1726 quam
858 1672 897 1710 ex

93 1739 143 1778 ore
154 1740 215 1776 meo
226 1725 393 1792 pendentem
403 1725 490 1789 rides,
505 1733 563 1778 tum
572 1726 660 1792 ipsius
672 1724 781 1777 virtutis
792 1724 894 1790 puleri-

88 1792 188 1843 tudine
204 1792 361 1854 inritatam,
380 1798 438 1845 tum
456 1800 505 1844 tuo
521 1805 553 1844 ac
565 1793 605 1844 tui
619 1792 750 1844 similium
765 1791 893 1858 exemplo

1 1893 2 1910 t
89 1859 251 1922 incitatam,
274 1857 394 1926 llagrare
412 1860 505 1912 studio
526 1874 621 1911 earum
643 1861 755 1923 artium,
778 1873 902 1926 quarum,

91 1925 152 1990 lpse
163 1926 327 1992 praecipuus
336 1926 430 1978 fautor
440 1933 495 1990 est3
514 1935 609 1988 etme,
626 1941 789 2043 spuamquam
799 1931 893 1978 aetate

8 2055 11 2062 ἢ
89 1991 148 2042 lam
159 1992 308 2044 adsenium
317 1993 459 2056 inclinata,
470 2001 499 2044 et
508 1994 609 2060 quietis
620 2008 637 2043 a
649 1993 734 2061 iquid,
753 1999 818 2058 post
827 2007 892 2044 con·

90 2057 232 2110 sectatam
240 2061 327 2110 multa
334 2060 481 2126 stipendia,
492 2060 660 2128 postulante,
670 2061 832 2111 moriturum
843 2073 892 2126 po·

1 2131 2 2144 ¹
90 2124 162 2184 tius,
177 2139 257 2191 quam
272 2128 496 2190 commissurum,
510 2133 610 2178 uttam
624 2128 750 2193 prolixae
761 2128 848 2192 ipsius
859 2139 893 2176 ac

89 2189 235 2242 beneficae
248 2206 316 2258 erga
332 2209 376 2244 me
388 2193 526 2246 voluntati
538 2208 588 2260 per
599 2195 739 2260 ignaviam
753 2199 782 2244 ct
797 2191 892 2259 lugam

90 2255 196 2308 laboris
206 2271 300 2324 parum
312 2260 490 2326 respondisse
500 2261 615 2312 videan-
627 2260 678 2322 lte,
688 2259 894 2319 adolescentes,

92 2324 185 2374 -iam
196 2325 277 2386 enim,
286 2330 317 2376 ut
324 2325 382 2378 diei
392 2333 501 2393 tempus
512 2333 563 2389 est,
570 2327 674 2378 diutius
684 2325 827 2377 detinendi
836 2338 892 2380 non

93 2389 172 2452 estis,
185 2418 214 2428 -
225 2398 321 2442 curete
332 2394 448 2454 animos,
460 2398 489 2444 et
499 2395 620 2448 crastino
633 2392 678 2443 die
689 2391 740 2442 hac
750 2392 811 2457 ipsa
822 2390 892 2441 hora

91 2455 128 2508 ed
143 2457 350 2524 persequendos
364 2473 471 2511 mecum
485 2459 578 2514 'l'aciti
597 2459 712 2515 males
724 2457 793 2512 loeti
806 2463 890 2523 etque

91 2519 200 2573 alacres
211 2527 366 2578 convenite.

117 2599 139 2654 ⁵)
148 2599 215 2644 Iliad.
224 2597 320 2648 Ulli.
329 2607 371 2648 2⁵⁹
379 2615 429 2660 sqq.
438 2608 463 2648 el
471 2605 520 2650 dil.
536 2617 539 2622 ’
