2120 3018
155 215 157 220 Ι
176 146 211 196 rs
462 141 616 197 ons'rro
633 141 687 194 ιη.

175 243 315 296 Platonem
332 243 428 313 tegens.
469 241 578 293 Videsne
595 241 694 308 igitar,
719 238 970 306 Deorrsms'crlieir,

173 310 199 362 si
215 310 336 364 uiderent
355 327 397 363 res
420 309 562 368 temnas,
585 305 726 358 &crimen
748 323 802 359 esse
822 308 972 362 subtatum?
1015 337 1017 342 ,

173 375 309 445 Diogenes
329 377 431 444 quidem
452 372 564 440 Cynicos
582 373 792 438 discruciabar,
809 373 972 443 Harpalum,

193 443 221 494 ui
239 442 397 511 temporibus
415 439 466 490 illis
479 440 581 506 proedo
597 438 672 508 felix
692 439 851 503 habebatur,
875 451 970 494 cenna

203 526 246 561 eor
256 507 433 563 testimonium
443 506 539 566 elicere,
552 505 658 572 quodie
667 505 713 558 illc
724 506 844 575 fortuna
856 515 911 558 tora
923 508 969 559 rin

172 577 279 627 ciceret.
314 574 397 639 Piget
407 572 486 638 plura
494 572 626 624 recitare:
646 578 689 624 est
704 574 846 639 enimipse
857 574 967 625 Cicero·

172 645 215 692 nis
234 642 306 692 liber
322 640 352 690 iu
369 638 503 690 manibus.
540 638 646 690 Seneca
664 640 750 706 igitur
769 655 830 692 cum
844 646 873 691 et
884 640 920 691 ab
935 656 968 692 ea

173 707 417 772 disciplinarum,
432 719 502 772 quae
513 705 606 756 omnia
617 707 736 757 maxima
749 707 860 758 minima
872 705 966 758 diuino

172 773 289 825 consilio
342 772 452 822 bernaii
466 773 573 832 statuit,
588 774 665 834 etei,
679 785 759 887 luem
772 773 852 824 unice
869 773 967 890 diliffe·

170 841 227 898 bat,
237 838 306 888 Luci
319 840 346 890 io
357 835 430 889 idem
440 839 635 904 persuasisset,
646 853 682 904 qu
695 845 811 889 atamen
822 853 922 904 scrupu
934 855 966 890 us
1052 889 1053 910 χ

169 907 199 956 in
213 901 316 955 Lucilii
335 905 426 956 animo
441 905 541 973 aliquis
554 905 696 955 residebat
709 919 744 956 ex
757 919 804 966 eo,
819 906 893 971 quod
906 921 966 972 per·

170 971 278 1036 spicere
290 987 348 1030 non
363 977 485 1038 poterat,
499 986 549 1022 cur
561 970 637 1022 Deus
653 972 772 1037 optimos
786 985 910 1037 quosque
924 977 968 1023 tot

170 1037 369 1089 acerbitatibus
379 1039 474 1090 vexari
485 1038 602 1098 sineret,
613 1038 673 1088 eius
683 1038 725 1089 rei
735 1052 847 1088 caussas
857 1037 894 1088 cd
904 1052 967 1090 eum
1004 1055 1006 1058 ·

107 1118 111 1172 j
169 1105 257 1156 misso
276 1101 330 1154 hoc
355 1103 581 1156 commentariolo
599 1104 757 1154 tractandas
777 1103 966 1169 explicandas·
996 1112 999 1116 '
1040 1105 1046 1118 ⁴

80 1230 88 1234 ⁸
170 1172 365 1237 quesuscepit.
400 1170 478 1221 Unde
489 1175 610 1233 cunstat,
622 1183 713 1220 veram
722 1170 798 1221 illius
808 1171 966 1236 inscriptio·
998 1171 1005 1177 '

168 1249 232 1286 nem
250 1250 305 1288 uon
320 1252 382 1288 csse
402 1250 475 1301 eam,
494 1251 564 1304 quae
583 1236 666 1302 vulgo
685 1241 864 1302 recepisset,
884 1247 966 1306 quam

170 1316 223 1382 ego
233 1309 334 1366 tannen,
347 1319 381 1356 ne
392 1305 484 1354 omnia
493 1317 594 1354 novare
606 1302 723 1366 dicerer,
732 1302 844 1364 retinui,
852 1300 894 1353 De
922 1319 965 1353 ro-

167 1369 299 1420 ordeotic:
317 1369 377 1432 sed,
395 1369 485 1434 Quare
495 1369 569 1422 bonis
580 1367 642 1420 ciris
652 1369 735 1425 rnnlto
745 1370 815 1420 molo
830 1367 889 1420 ccc'
907 1377 964 1431 ant,
1052 1421 1053 1432 γ

168 1451 227 1486 curn
239 1435 276 1487 rit
290 1435 470 1502 procidentia,
491 1443 521 1488 ut
533 1441 642 1488 constat
660 1450 695 1487 cx
714 1436 858 1488 Lactantio
872 1435 900 1486 in
913 1436 964 1488 lib.

168 1502 203 1553 be
217 1503 260 1553 ira
272 1502 369 1568 Dei*):
389 1505 467 1556 cuius
480 1505 565 1556 rerba
579 1501 631 1554 huc
645 1503 813 1570 perfluentia
826 1503 855 1552 in
864 1503 905 1552 eis
915 1515 965 1552 no·
1032 1554 1034 1558 ,

167 1569 217 1630 tis,
237 1584 305 1636 quas
324 1578 417 1622 restra
431 1587 530 1636 caussa
543 1570 577 1621 ad
591 1568 671 1621 huius
686 1569 750 1621 libri
763 1570 844 1619 finem
858 1568 965 1630 addidi,

134 1693 141 1704 η
167 1635 324 1700 reperietis.
360 1637 442 1699 Quod
456 1639 493 1688 sit
507 1637 586 1688 buius
598 1638 661 1687 libri
671 1640 874 1700 argumentum,
887 1634 964 1686 ride-

167 1699 218 1752 tis:
246 1703 320 1767 quod
349 1703 417 1768 mihi
445 1704 556 1770 quidem
582 1705 622 1753 ita
651 1700 774 1767 pulcrum
797 1706 827 1750 et
849 1700 965 1768 cognitu

169 1766 281 1832 dignum
302 1769 423 1833 ridetur,
451 1776 482 1820 ut
504 1771 632 1820 iniuriam
659 1766 861 1832 quodammodo
883 1767 978 1828 vobis·

167 1831 292 1884 facturus
303 1835 410 1899 videar,
425 1839 449 1887 si
463 1843 519 1886 tam
532 1835 603 1885 male
614 1833 648 1882 de
659 1832 738 1882 robis
752 1831 965 1894 existimemut
1022 1853 1025 1857 ·

167 1912 217 1948 ros
228 1899 351 1966 pluribus
365 1903 456 1953 verbis
466 1902 501 1951 ad
512 1901 571 1950 eius
584 1899 777 1948 tractationem
789 1903 818 1949 et
827 1899 963 1965 cognitio·
1051 1927 1052 1932 =

167 1978 229 2015 nem
257 1969 420 2020 excitandos
453 1973 553 2033 putem.
592 1963 662 2014 Mihi
693 1963 811 2014 creditos
845 1966 892 2030 qui
918 1975 962 2014 nse
1011 2013 1013 2016 .

167 2037 272 2083 attente
286 2036 410 2094 audient,
429 2031 569 2099 perficiam
589 2045 650 2080 cum
663 2029 725 2080 Deo
744 2029 868 2088 volente,
886 2035 917 2078 ut
933 2037 963 2080 et
1051 2045 1052 2066 ¹

167 2102 356 2164 gravissimam
367 2114 400 2149 uc
409 2097 599 2162 pulcerrimum
614 2096 803 2160 quaestionem
815 2098 961 2144 tractatam
1051 2149 1052 2154 η

167 2164 298 2218 d'vinitus
314 2166 458 2223 aseneca,
474 2167 502 2211 et
512 2176 529 2210 a
539 2161 684 2225 meipsum
699 2160 832 2211 Senecam
846 2171 902 2210 non
914 2173 961 2211 ne·
1009 2176 1014 2184 ¹

166 2180 206 2298 gli
228 2239 307 2284 enter
318 2233 464 2281 tractatum
475 2241 536 2277 esse
547 2226 695 2276 fateantur.
1031 2245 1037 2248 ·

226 2312 310 2363 perae
328 2293 446 2363 pretium
459 2291 583 2343 tacturus
596 2292 706 2354 videor,
725 2290 749 2342 si
766 2295 912 2357 antequam
926 2294 963 2344 ad

166 2356 347 2428 expendenda
360 2359 482 2412 Senecae
499 2358 574 2409 dicta
587 2357 709 2420 veniam,
724 2371 858 2425 exponam
871 2358 962 2423 vobis,

184 2429 231 2480 uid
241 2441 324 2492 super
334 2439 367 2476 ec
378 2426 439 2491 ipsa
453 2428 628 2492 quaestione,
645 2440 715 2504 quae
725 2423 779 2485 boc
790 2424 886 2477 libello
898 2441 963 2476 con·
985 2447 1005 2460 κ

164 2499 280 2552 tenetur,
294 2491 418 2544 homines
434 2491 627 2556 eruditissimi,
641 2492 780 2561 isdemque
794 2493 963 2544 sanctissimi

165 2559 312 2610 senserint.
347 2558 417 2612 Nam
427 2561 452 2613 si
461 2565 492 2612 ut
500 2574 567 2612 rasa
580 2575 641 2612 cum
652 2560 835 2629 celeremque
845 2560 962 2630 primunr

192 2636 213 2693 ¹)
228 2637 403 2684 unlustau
413 2638 440 2685 V.
450 2637 563 2686 comsit.
574 2651 592 2684 c·
601 2641 635 2686 22·
644 2635 666 2693 ᾗ.
677 2643 712 2684 ll.
