2140 3010
180 177 227 229 ras
246 223 248 230 1
446 137 704 232 uersaretur.¹

176 277 287 347 publice
301 277 448 336 serdonum
461 278 565 345 aliquid
579 276 698 340 faceret,
716 292 751 330 ne
766 279 832 346 quid
848 283 971 345 omnino,

110 391 114 398 .
177 347 251 414 quod
264 346 301 395 ad
314 345 499 396 exornandum
515 360 548 396 ae
564 344 756 396 celebrandam
767 349 855 413 ipsius
869 363 972 412 nremo·

174 414 244 464 111111
250 414 286 474 *1,
299 427 316 462 s
327 411 406 462 vobis
417 413 640 480 praetermissum
650 412 797 465 diceretur.
833 415 863 465 ld
873 431 971 466 1111111111

177 482 307 546 quonism
321 493 338 528 a
351 493 396 529 me
411 479 584 544 potissimum
602 479 674 530 obiri
690 479 848 542 volueritis,
866 482 971 545 parebo

114 559 120 572 1
175 547 452 606 1011111111111111,
473 551 502 595 et
514 559 620 596 summa
631 550 735 596 tanturn
753 547 971 614 eapitastriotim

177 625 210 664 ae
219 613 330 664 modice
339 611 482 678 attingam,
493 611 590 662 laudes
600 612 686 677 ipsius
695 611 773 662 brevi
784 627 816 662 ac
826 610 972 678 perspitua

98 733 106 748 ἱ
164 681 304 736 ,1111110111
318 678 495 741 complectar.
530 676 651 728 Primum
665 677 752 742 igitur
766 692 800 730 ex
814 680 971 731 sodalitatis
1056 699 1058 716 ‹

176 752 286 796 vestrae
300 743 410 810 legibus
424 749 506 809 atque
523 745 659 794 institutis
676 744 860 796 certissimum
878 761 910 798 ae
927 746 971 794 fir·
1057 749 1058 810 ζ

176 813 329 862 missimurn
349 819 539 875 argumentum
558 821 657 876 capere
676 823 758 876 posse
781 812 890 873 videor,
915 827 970 878 quo
1057 825 1058 878 j

177 891 239 929 eum
253 875 287 928 'et
304 876 418 942 antiquo
439 890 471 926 ae
485 876 572 928 nobili
589 882 679 928 orturn
693 891 808 942 genere,
828 883 856 928 et
871 877 973 928 eximia

177 943 295 1012 quadam
308 942 475 1009 minimeque
488 943 595 1010 vulgari
609 943 710 993 virtute
719 943 873 1008 praeditum
883 942 972 994 fuisse

177 1011 346 1060 confirmem.
380 1007 449 1059 Nem
470 1025 531 1060 curn
551 1009 660 1075 legibus
679 1010 780 1060 vestris
800 1017 909 1062 cautum
925 1010 972 1072 sit,

177 1087 212 1126 ne
228 1075 289 1142 quis
306 1076 334 1126 in
349 1075 474 1126 ordinem
486 1081 609 1126 vestrum
622 1075 796 1139 admittatur,
816 1079 881 1142 quin
895 1077 972 1143 prius
1057 1083 1058 1146 1

162 1197 164 1202 s
178 1149 241 1194 eum
256 1147 285 1192 et
299 1156 388 1208 aequa
401 1145 436 1194 ab
450 1143 539 1194 atavis
549 1147 702 1206 etpaterna
713 1149 741 1192 et
751 1149 874 1194 nisterna
886 1142 973 1208 stirpe

176 1208 299 1260 nobilem
310 1223 372 1260 esse
382 1209 488 1278 liquido
499 1208 667 1260 eonstiterits
681 1209 748 1274 ,quis
759 1217 811 1271 est,
823 1210 879 1276 qui,
893 1210 972 1260 euius

125 1274 134 1288 “
175 1276 206 1326 in
223 1283 338 1342 pectore
357 1284 404 1328 aut
422 1277 451 1327 in
470 1273 584 1327 humero
605 1275 750 1326 candidam
762 1275 838 1326 illam
853 1291 972 1339 erucem,

175 1342 361 1395 velamentum
377 1349 459 1410 atque
473 1343 583 1408 insigne
594 1341 699 1392 ordinis
710 1339 973 1410 llierosolyrnitani,

156 1463 158 1470 ,
175 1409 282 1473 videat,
301 1423 436 1477 quemque
446 1406 572 1474 suffragii
584 1405 628 1456 ios
641 1405 786 1460 habereio
797 1409 916 1460 comitiis
926 1422 973 1460 ve·

170 1478 243 1527 stris
257 1479 339 1538 sciat,
353 1476 387 1526 de
400 1474 476 1526 illius
490 1473 636 1528 nobilitate
646 1473 772 1526 dubitare
783 1473 972 1544 amplius'pos·

177 1543 229 1594 siti
247 1543 408 1610 &demque
426 1541 510 1592 modo
527 1540 562 1592 de
581 1539 683 1592 virmts
697 1545 883 1608 argumentari
895 1543 985 1593 lieet«

174 1607 248 1660 Nam
260 1623 322 1660 eum
331 1610 359 1659 in
369 1607 530 1670 mandandis
540 1605 692 1660 honoribus
701 1610 730 1659 in
745 1624 834 1677 eoque
848 1623 973 1678 praeser-

143 1675 148 1696 ⁰
176 1676 226 1727 tim
237 1674 405 1756 deligendo,
423 1675 470 1740 qui
484 1673 564 1725 nobis
578 1689 684 1727 summo
697 1690 757 1726 eum
767 1677 884 1742 imperio
894 1687 973 1743 prae·

178 1741 230 1803 sit,
244 1742 345 1793 1111111111
355 1741 410 1801 rei,
427 1747 617 1809 praeterquam
632 1743 762 1810 cognitae
777 1750 974 1810 spectataeque

178 1808 297 1870 11111111,
307 1806 444 1858 rationem
454 1804 555 1860 habere
566 1806 695 1860 soleatis:
706 1810 825 1862 dubitari
836 1811 870 1862 de
877 1809 974 1876 Magni

178 1873 309 1940 Magistri
314 1874 418 1925 virtute
428 1889 483 1929 non
493 1883 594 1942 potest,
605 1877 671 1943 quin
681 1877 777 1927 eadem
787 1873 877 1942 ‘opera'
883 1877 917 1927 de
928 1889 975 1926 ve·

180 1945 239 1992 stra
247 1939 275 1988 in
286 1938 409 1993 ferendis
419 1941 560 2020 suffragiis
571 1942 624 1993 fids
635 1957 668 1992 ao
677 1943 813 2008 religione
825 1942 975 1992 dubitetur.

180 2003 237 2056 Sed
247 2004 316 2058 haee
326 2009 435 2074 quidem
445 2023 604 2076 quamquam
614 2012 795 2073 magnasunt,
807 2004 871 2055 huie
881 2013 977 2058 tamen

150 2112 156 2131 ,
180 2085 241 2122 eum
251 2074 346 2126 multis
355 2076 419 2126 aliis
430 2074 585 2130 communia
594 2077 666 2122 sunt.
704 2071 756 2120 llla
767 2070 887 2134 propria,
898 2077 977 2134 quod

168 2143 368 2207 septendecim
382 2144 572 2198 amoenatur,
586 2165 618 2174 -
633 2149 703 2200 quse
714 2137 775 2200 ipsa
786 2141 863 2185 aetas
873 2135 976 2187 Roma·
1057 2171 1058 2184 1

178 2207 222 2258 nis
233 2209 298 2259 olins
309 2207 431 2258 osoribus
443 2205 478 2255 ad
487 2203 681 2269 auspicandam
688 2201 813 2252 militiam
821 2203 978 2256 constituta
1057 2227 1058 2268 p

179 2282 249 2336 erat,
259 2301 291 2312 -
301 2286 361 2322 curn
370 2270 582 2322 immanissimus
593 2267 682 2319 hostis
691 2265 817 2318 Rhodum
827 2268 868 2318 ita
878 2269 976 2322 obses·
1057 2293 1058 2332 g

179 2353 237 2390 11111
248 2342 364 2398 teneret,
374 2338 420 2388 1111
430 2343 460 2388 ut
468 2336 544 2388 illius
554 2334 705 2388 servandae
716 2349 779 2401 spes
789 2335 843 2386 iarn
853 2335 973 2404 amplius

177 2405 414 2468 ullasup'eressets
434 2418 585 2472 generosus
596 2403 773 2466 adolescens,
787 2403 832 2453 cui
841 2405 928 2454 virtus
943 2411 973 2456 et

175 2471 265 2536 pietas
280 2476 405 2522 tenerum
417 2479 515 2540 peetus
529 2471 638 2523 acribus
652 2471 770 2523 stimulis
780 2477 915 2537 perpetuo
927 2468 971 2521 fo-

176 2535 284 2599 derent
293 2537 504 2606 relietaputrla‚
519 2538 625 2592 relictis
640 2539 697 2592 suis
710 2539 916 2606 iteringressus
927 2544 972 2588 est

176 2617 211 2654 eo
223 2607 324 2668 animo,
335 2612 373 2668 ut,
384 2605 582 2660 eumllhodu'm
592 2609 723 2672 venisset,
735 2613 783 2660 aut
793 2608 853 2672 opis
864 2605 970 2672 aliquid

185 2695 186 2700 ¹
203 2682 224 2736 ⁸)
236 2682 372 2740 Sefuwst
381 2687 417 2732 vel
423 2688 556 2748 pertdmet.
