2120 3018
167 151 201 204 38
451 149 607 202 ΟΙὶΔΤΙΟ
625 147 675 203 iv.

166 248 297 312 flaciani,
316 263 378 302 cunr
388 263 487 302 eorum
500 251 626 302 neutrius
640 250 689 312 sit,
706 249 757 302 sed
770 247 888 302 Leonth
900 250 969 302 hea-

137 379 139 382 .
168 317 269 370 domici
277 319 317 383 *);
338 317 410 370 etii
433 317 551 382 dialogi,
571 317 695 383 quisine
716 316 774 368 ulla
792 316 967 370 dubitatione

166 384 293 436 Platonis
303 391 379 448 sunt,
394 383 476 434 aliter
486 383 520 433 ab
530 383 593 434 aliis
608 384 794 447 nominantur3
812 391 844 436 ut
856 383 967 435 Parme-

167 451 246 504 nides
257 453 291 503 ab
305 451 369 503 aliis
383 451 444 518 περὶ
456 448 543 512 ἰδεῶν,
557 450 591 501 ab
606 449 669 501 aliis
683 450 744 518 περὶ
760 450 915 513 yomeniae,
932 451 969 502 ab'

146 533 149 540 ’
167 519 231 570 aliis
246 518 307 587 περὶ
322 520 370 569 τοῦ
385 514 473 579 ὄντος,
488 521 519 568 ut
532 523 653 568 testatur
666 516 814 580 Proculus;
832 523 862 568 ut
874 515 967 568 Phile·

166 585 218 636 bus
235 585 269 636 ab
284 583 397 636 sliissle
411 584 477 634 volu
495 589 567 646 tate,
582 584 616 634 ab
630 583 694 634 aliis
710 583 745 635 cle
760 599 867 635 surnmo
877 582 966 647 bon03

167 652 252 717 etqui
262 648 344 701 hodie
354 650 464 701 titulum
475 599 559 701 habet
569 648 690 718 ἐραστῶν,
700 649 730 700 id
740 654 793 711 est,
804 656 967 712 amatorum,

167 718 209 770 ab*
222 715 348 768 omnibus
367 718 425 770 anti
445 718 488 770 uis
511 715 687 785 ἀντεραστῶν,
709 715 740 768 iel
760 722 815 779 est,
838 716 966 767 rivalium

167 785 278 846 nomine
300 784 381 834 citari
403 733 488 845 schem
518 789 616 849 estque
639 797 674 833 ea
694 783 789 835 verior
809 782 966 848 inscriptio.

167 850 220 911 Qui
236 861 304 916 ergo
324 850 357 901 ab
372 849 555 916 inscriptione
570 864 600 899 ur
657 855 808 912 tentantur,
829 849 966 900 aluntve·

166 916 346 968 recinamus
364 916 584 981 antiquissimam
622 931 699 968 orum
720 917 854 968 librorum
867 915 966 966 inscri-

165 983 288 1062 ptionem
302 995 365 1036 esse
378 982 526 1044 πολπεὶαν,
539 981 569 1034 id
583 989 639 1045 est,
657 983 688 1034 cle
701 981 847 1050 republica,
865 996 921 1032 non
935 982 966 1034 cle

164 1048 277 1100 matitia
313 1047 383 1100 Nam
403 1056 431 1101 et
443 1048 610 1101 Aristoteles
631 1064 693 1101 cum
714 1063 811 1102 eorum
826 1049 967 1116 epitomen

184 1116 302 1167 uundanr
326 1115 508 1179 confecisset,
530 1112 674 1174 altrinseca
697 1116 890 1182 ἐππετμῆοθαν
917 1113 966 1182 τὴν

193 1180 307 1240 lenones
325 1183 473 1234 πολποὶονν·
492 1190 521 1234 et
532 1185 562 1235 in
575 1181 723 1244 convivio,
743 1188 772 1233 et
783 1183 812 1232 in
825 1182 965 1244 Politicis,

165 1250 276 1318 quoties
295 1248 394 1300 horum
410 1250 545 1301 librorum
561 1251 666 1300 mentio
685 1254 741 1309 est,
760 1249 802 1300 ita
815 1263 864 1301 eos
878 1249 966 1300 nomi-

165 1321 220 1366 nat.
255 1315 467 1382 Theophrastus
490 1330 600 1384 quoque
625 1315 654 1366 in
675 1313 756 1366 libris
781 1315 815 1366 de
840 1315 965 1383 Legibus

166 1383 262 1434 eudem
285 1384 472 1503 appellatione
496 1384 592 1434 utitur.
627 1381 683 1434 Sed
705 1387 733 1434 et
752 1381 918 1434 Plutarchus
936 1385 966 1434 in

166 1451 322 1520 quaestioni
344 1465 376 1503 un
394 1449 548 1504 Platonicis
565 1454 595 1500 et
606 1447 764 1502 Athenaeus
779 1456 807 1501 et
818 1449 965 1516 Origenes,

167 1525 195 1568 et
204 1531 240 1570 ex
248 1518 357 1570 Latinis
369 1519 478 1579 Cicero,
487 1515 660 1579 Macrobius,
670 1515 846 1580 Lactantius,
857 1513 966 1567 Chalci-

167 1585 239 1646 dius,
251 1599 347 1638 omnes
358 1585 477 1650 denique
489 1582 600 1699 antipui,
613 1580 665 1634 hos
675 1583 763 1635 libros
776 1583 807 1634 lle
820 1582 967 1650 republica,

167 1666 222 1702 non
238 1651 270 1701 de
287 1650 392 1703 iustitia
406 1655 515 1701 vocant.
563 1665 607 1700 am
621 1649 688 1702 vero
704 1649 912 1702 Platonicorum
925 1650 966 1702 iu·

167 1717 348 1782 scriptionum
361 1718 416 1767 tria
429 1730 533 1783 genera
546 1723 622 1769 sunt:
641 1717 668 1768 ἰν
682 1713 840 1784 προσώπων,
855 1723 886 1768 ut
899 1716 967 1768 Par·

167 1784 304 1845 thenihes,
314 1782 498 1848 Protagoras,
514 1783 648 1851 Gorgias,
665 1782 794 1848 Hippias3
813 1799 966 1852 περιστατι-

168 1850 220 1912 eal,
231 1855 262 1900 ut
272 1849 446 1915 Conviriutr13
464 1850 656 1920 npoyuaeeeol,
669 1854 700 1899 ut
708 1847 967 1912 Ninonllolmutr,

166 1913 309 1982 Σοφιστής.
342 1915 415 1968 Hae.
438 1925 596 1986 postremae
628 1931 737 1984 semper
764 1915 907 1968 continent
934 1915 967 1968 et

167 1983 368 2051 προηγουμένως
387 1981 552 2052 ζητούμενον.
585 1983 665 2036 ilaec
683 1989 776 2035 autem
790 1987 819 2032 ct
832 1995 898 2034 vern
913 1987 958 2036 est

167 2049 383 2121 etnpepuoemi.
743 2075 761 2093 -ν

402 2153 520 2221 Reliqua
530 2146 731 2203 desiderantur.

195 2285 215 2339 'l
230 2283 274 2332 XI·
285 2301 335 2344 pag.
346 2288 393 2332 tot.
403 2281 469 2326 'Pom
479 2279 520 2325 lv.
529 2291 581 2333 par.
589 2281 638 2322 88².
649 2271 777 2328 Schweigh.

456 2451 669 2472 m
