2120 3018
191 167 225 218 so
398 123 400 128 ¹
481 163 635 218 oacrio
652 165 703 219 vr.

193 265 315 318 omnium
324 265 417 320 studia
430 265 599 336 diriguntur,
614 267 662 334 qui
677 266 737 324 sive
749 263 816 320 milri
827 267 865 320 ad
871 273 992 321 tractan-
1053 295 1054 332 i

960 98 968 104 ·
1043 123 1054 196 r

192 335 264 397 dam,
294 334 353 386 sire
382 334 462 386 robis
491 333 527 384 ad
551 333 756 401 percipiendam
783 335 993 388 Platonicamm
1053 383 1054 390 ,

192 401 410 468 disputationum
428 403 594 468 gravitatem
606 416 662 452 non
676 402 744 452 satis
758 415 821 452 esse
839 403 938 452 virium
949 403 993 454 iu·

192 469 320 530 dicarint,
330 467 389 518 sive
399 467 428 518 in
438 480 472 517 eo
482 466 558 516 aliud
567 467 706 535 quippiam
716 469 806 518 secasti
815 469 880 530 sint,
892 495 925 506 —
934 484 993 520 non

192 536 265 586 enim
274 534 317 584 ias
327 533 410 584 nobis
420 547 482 583 esse
493 533 625 596 arbitror,
639 533 668 583 in
679 549 775 584 eorum
784 533 890 585 iudicia
899 536 992 586 curio·

191 602 249 654 sius
268 603 421 666 inquirere,
436 626 472 656 -,
482 613 591 650 omnem
604 613 622 649 a
633 613 677 650 me
696 597 777 651 huius
797 601 862 651 anni
878 614 992 667 operam

190 669 219 718 in
243 680 297 717 uno
323 665 458 717 Cicerone
486 665 611 717 consumi
628 667 802 722 ,nraluerunt
838 665 991 719 Pareamus

189 733 322 794 libenter,
332 738 363 783 ut
372 747 422 800 par
431 737 486 793 est,
496 733 541 795 iis,
553 733 651 800 quibus
662 747 759 800 parere
770 747 866 784 omnes
877 733 992 798 debent,

191 799 320 867 quodque
344 799 412 867 ipsis
433 798 550 866 placuit,
571 797 601 848 id
622 798 682 849 sine
704 799 762 849 ulla
780 801 990 863 retractatione,

190 867 289 919 melius
309 879 372 918 esse
392 865 544 917 credamus.
569 863 642 914 ,Non
661 865 751 927 euim,
764 877 800 918 ne
815 865 990 932 gravissimis
1053 901 1054 916 ,

191 932 302 1000 quidem
311 933 338 983 in
349 932 445 994 rebus,
457 936 563 990 tantum
574 930 645 998 apud
655 946 707 983 nos
717 932 810 984 valere
821 931 879 982 ulla
888 932 990 998 proba·

189 999 288 1050 billum
295 999 435 1050 rationum
444 1002 583 1049 momenta
593 995 707 1061 debent,
723 1005 818 1049 utnon
827 999 914 1049 multo
925 999 989 1064 plus

190 1066 301 1118 illorum
312 1065 356 1116 vel
365 1065 448 1116 iussis
458 1063 503 1114 vel
513 1063 637 1114 consiliis
647 1065 695 1116 rel
703 1065 868 1116 auctoritate
877 1078 990 1116 moven-

190 1145 261 1184 mur.
295 1131 534 1182 Pcrvclutabimus
553 1130 639 1196 igitur
652 1129 707 1183 hoc
720 1145 792 1182 auno
807 1144 907 1182 aurcos
920 1131 988 1182 illos

190 1199 229 1251 M.
245 1199 332 1250 Tullii
349 1196 482 1248 librosde
500 1197 609 1249 officiis.
645 1198 699 1259 Qui
718 1213 779 1248 cum
796 1204 856 1248 tras
869 1198 937 1258 siut,
958 1206 991 1249 et'

190 1266 308 1318 totidem
319 1267 350 1317 in
362 1269 455 1332 partes
469 1277 587 1316 annuum
598 1263 679 1316 buius
693 1265 782 1320 nostri
794 1264 916 1315 muneris
926 1278 988 1314 cur·

189 1331 311 1412 ticulum¹
319 1331 453 1400 distingui
463 1331 571 1411 sol-eat,
580 1331 704 1410 dabimus
714 1345 839 1410 operam,⁸
852 1336 883 1382 ut
893 1330 987 1396 singu-
1047 1317 1054 1410 i

189 1401 281 1455 lorum
294 1399 426 1450 librorum
442 1400 591 1464 explicatio
604 1397 987 1464 cumillatrrpartrtatempo-
1053 1411 1054 1460 3

143 1472 148 1484 ¹
189 1469 228 1520 ris
243 1467 332 1518 nostri
346 1465 540 1517 distributione
556 1479 587 1516 ac
598 1465 783 1531 descriptione
797 1472 987 1514 concurratao
1053 1475 1054 1478 ’

190 1539 334 1602 congruat.
369 1531 439 1583 Nem
454 1534 500 1600 qui
514 1533 573 1586 dies
588 1531 670 1584 nobis
684 1532 764 1584 statis
778 1529 986 1594 annitempori-
1053 1545 1054 1592 1

190 1602 242 1653 bus
261 1601 297 1651 ad
314 1599 480 1652 relaxandos
500 1601 606 1651 animos
620 1605 648 1650 et
662 1599 697 1650 ad
714 1597 784 1647 vires
799 1596 889 1648 denuo
907 1595 987 1646 oolli-
1053 1609 1054 1622 *

191 1667 295 1736 gendes
315 1667 432 1718 concedi
449 1667 552 1728 solent,
573 1667 609 1718 iis
627 1667 689 1732 ipse
705 1663 792 1714 otium
804 1661 872 1713 milri
885 1667 987 1728 sponte

190 1733 385 1798 abiudicabo*)
413 1740 441 1785 et
460 1734 584 1784 rationes
608 1737 714 1783 vestras
736 1729 900 1781 commodis»
914 1728 986 1778 meis

190 1807 375 1868 anteponens,
388 1801 463 1852 domi
477 1799 599 1867 quidem,
609 1797 659 1849 sed
671 1797 713 1846 ita
725 1801 757 1846 ut
770 1796 920 1856 neminem,
937 1795 986 1859 qui

191 1867 322 1921 audiendi
346 1881 381 1918 ac
400 1865 526 1918 discendi
548 1862 640 1914 studio
663 1867 801 1924 teneatur,
831 1859 985 1922 excludam,

191 1949 261 2004 quae
280 1935 326 1986 bic
346 1933 477 2000 temporis
496 1929 629 1996 angustiis
644 1929 772 1982 exclusus
787 1943 841 1980 non
856 1932 985 1994 potuere,

189 2004 248 2056 illie
258 2001 429 2055 commodius
439 1995 592 2063 explicabo.
629 1995 711 2048 Scitis
723 1996 796 2047 idem
806 2009 850 2044 me
861 1993 986 2060 superie-

188 2072 268 2124 ribus,
276 2070 356 2124 annis
364 2065 518 2124 factitasse,
535 2067 566 2113 et
576 2077 637 2114 cum
648 2064 684 2115 ad
697 2077 742 2115 me
753 2075 868 2127 magnus
879 2059 986 2110 studio·

189 2153 283 2195 sorum
300 2145 430 2186 numerus
448 2130 559 2180 domum
574 2132 698 2196 quotidie
712 2127 861 2179 ventitaret
873 2138 907 2174 ae
920 2139 986 2176 cou-

189 2204 297 2264 flueret,
307 2196 470 2269 perfecisse,
480 2197 678 2264 -praelisclni
689 2194 746 2257 U),
761 2197 791 2241 ut
801 2189 987 2254 loquebantur
1053 2201 1054 2232 r

187 2278 311 2327 vetares,
325 2261 455 2324 dixerim,
469 2269 542 2314 -ut
555 2264 630 2314 nullu
639 2275 702 2328 pars
712 2259 777 2309 anni
787 2255 884 2308 utilius
897 2255 931 2307 ab
942 2260 985 2310 eis

189 2338 237 2390 aut
245 2329 414 2386 trucmmios
420 2335 579 2396 poumetur,
588 2343 669 2398 quam
675 2341 717 2388 ea,
728 2337 799 2393 quae
808 2323 897 2392 libera
906 2329 986 2391 quot.

174 2461 176 2468 ’
226 2464 246 2519 ·)
263 2462 311 2506 Cic
320 2473 364 2517 pre
378 2462 469 2507 caeeiu.
485 2463 520 2504 lb
533 2463 553 2517 ξ.
562 2465 597 2509 99.
611 2461 660 2504 lans
674 2456 953 2516 populns-<nonarius
963 2455 985 2499 el

188 2521 325 2569 libertatem,
335 2518 375 2561 sed
384 2519 617 2574 iudicat—summm,
625 2531 691 2573 quum
701 2516 761 2562 liber
770 2519 839 2566 uret,
848 2513 936 2558 censeri
944 2525 985 2558 uo-

127 2589 135 2603 ·
187 2577 265 2627 luerit,
274 2577 348 2632 iprum
358 2577 402 2620 sibi
411 2574 542 2624 libertatern
551 2575 696 2622 addidisem.
724 2623 726 2628 ,

215 2633 248 2689 ¹¹)
262 2633 317 2678 viu.
335 2631 483 2682 trussellus.
499 2637 562 2682 [eet.
580 2630 626 2678 lx.
639 2633 659 2674 ³.
678 2628 753 2675 l'lsut
770 2627 860 2674 asim.
876 2621 908 2668 11.
919 2625 940 2668 4.
950 2625 985 2667 8⁴·
1053 2675 1054 2682 ἵ

188 2689 412 2750 Comparantflaru.
429 2691 569 2740 sinelicium
579 2703 607 2736 su
617 2686 715 2734 selden.
