2150 3012
190 141 240 196 llo
464 137 617 212 orario
644 138 726 194 xvi.
937 204 957 212 ,-

142 252 147 262 ’
185 243 390 298 morianostra
408 240 514 308 primos
534 239 646 292 ordines
663 241 692 292 in
714 241 817 294 litteris
839 241 978 308 duxerunt,

186 325 302 378 quorum
311 314 342 360 ut
352 309 469 376 quisquc
482 307 659 359 doctissimus
670 306 779 360 habitus
791 313 844 371 est,
853 310 893 361 ita
901 311 981 377 pluri-

184 393 259 432 mum
279 389 380 442 operae
393 378 423 427 in
437 373 489 430 hin
502 372 629 439 epistolis
648 374 806 428 collocavit.
841 375 982 444 Nunquam

184 459 229 496 me
243 443 351 511 pigebit
365 442 407 492 eis
420 443 449 492 in
463 439 543 490 libris
561 441 698 500 exerceri,
719 441 747 491 in
762 442 862 508 quibus
879 443 931 494 duo
943 447 981 495 in·

186 512 282 578 gentia
300 510 404 561 decora
419 507 530 568 ltaliae,
553 504 653 557 Petrus
672 506 815 559 Victorius
836 514 865 560 et
882 509 981 562 Paulus
1059 523 1060 538 ³

184 578 338 635 Manutius,
359 573 536 624 acutissimus
551 573 764 624 iurisconsultus
779 576 913 626 Antonius
930 576 981 628 Go-

185 637 303 704 veanus,
321 639 500 692 Sebastianus
510 639 663 700 Corradus,
681 639 845 702 Leonardus
856 641 981 710 Malaspi·

185 727 235 772 na,
247 710 340 759 lumen
351 713 379 760 et
389 712 579 756 oruamentum
591 704 699 756 Galliae
713 707 870 759 Hadrianus
881 709 982 761 Turne-

184 776 236 826 bus
247 775 359 842 aliique,
372 786 443 840 quos
454 785 615 823 enumcrare
625 772 739 837 longum
750 780 800 834 est,
818 774 859 824 ita
870 774 982 826 desudaz

184 849 262 902 runt,
282 846 313 892 ut
350 839 506 906 racoipuam
526 839 587 888 sibi
599 840 742 888 materiem
762 841 869 906 gloriae
890 854 924 892 ex
940 845 981 894 eis

185 854 365 960 emendandis
388 911 417 957 et
443 905 616 956 illustrandis
645 907 799 972 quaesiisse
829 907 981 960 rideantur.

185 975 263 1036 Quos
279 973 304 1023 si
321 972 404 1023 duces
420 986 476 1023 non
495 985 639 1037 sequerer,
658 988 742 1024 unum
757 978 849 1024 tamen
863 985 982 1040 oppone·
1059 997 1060 1004 1

183 1055 253 1103 rous,
267 1041 346 1091 cuius
356 1039 509 1093 auctoritas
519 1036 663 1104 frangere,
678 1037 836 1101 debilitare,
854 1040 982 1093 obterere
1059 1055 1060 1066 ¹

185 1121 284 1160 omues
292 1113 389 1158 contra
398 1104 577 1156 sentientium
587 1105 760 1157 rumusculos
771 1112 875 1171 posset.
893 1107 982 1160 liuius
1059 1125 1060 1148 r

186 1175 259 1232 enim
270 1173 382 1225 consilii
395 1173 451 1225 mei
463 1185 519 1223 uon
532 1170 745 1238 approbatorem
759 1173 841 1224 modo
858 1180 886 1226 et
899 1175 982 1226 adsti-
1059 1167 1060 1186 ¹

185 1241 349 1308 pulatorem‚
362 1240 412 1291 sed
422 1244 566 1290 auctorem
575 1251 608 1290 ac
617 1235 793 1290 laudatorem
809 1238 896 1291 babeo
906 1240 984 1292 illum
1059 1241 1060 1246 ’

143 1320 146 1330 ’
186 1307 354 1362 uberrimum
371 1305 580 1372 disciplinarum
599 1304 720 1356 omnium
738 1303 859 1368 fontem,
880 1306 985 1358 Guliel·
1056 1345 1060 1362 .

186 1389 260 1426 urum
280 1375 411 1427 Sirletum
430 1371 618 1432 cardinalem,
642 1371 720 1422 euius
741 1374 902 1424 auctoritati
921 1373 984 1424 dum

173 1456 308 1508 paream,
325 1456 378 1491 nun
399 1453 461 1489 uam
471 1450 653 1505 magnopere,
668 1437 735 1504 quid
751 1439 799 1489 alii
814 1440 848 1491 de
862 1455 905 1491 me
915 1440 985 1492 iudi·

188 1505 389 1568 catur·isint,la
409 1506 505 1564 prabo.
700 1523 707 1533 ·

221 1574 352 1641 Sequitur
361 1587 445 1633 nuuc,
460 1577 490 1621 ut
500 1571 535 1620 iis
548 1568 782 1622 obtrectatoribus
792 1573 986 1640 respondeam,

187 1639 235 1708 qui
248 1654 355 1692 omnem
371 1637 550 1702 epistolarum
567 1636 717 1689 lectionem
731 1638 792 1690 leve
809 1640 936 1706 quiddam
951 1655 986 1690 ac

186 1721 273 1773 prope
292 1707 469 1772 nugatorium
487 1718 549 1756 esse
569 1705 658 1767 aiunt,
678 1720 732 1772 quo
751 1711 887 1773 tamquam
900 1706 986 1768 lacte,
1058 1705 1060 1712 ’

186 1773 306 1838 pueruli,
316 1786 380 1832 non,
392 1776 422 1823 ut
433 1771 524 1822 solido
537 1770 609 1834 cibo,
620 1773 704 1823 etiam
716 1775 878 1839 grandiores
890 1772 927 1824 ali
939 1771 988 1824 de·

186 1839 279 1890 beant.
299 1837 328 1887 ln
339 1837 438 1903 quibus
448 1837 625 1905 hoeprimum
637 1840 765 1906 estquod
775 1841 907 1890 admirer:
923 1855 989 1890 eum

187 1905 322 1956 sermonis
336 1919 414 1954 usum
427 1922 511 1958 unum
525 1905 559 1958 de
575 1907 730 1973 praecipuis
749 1921 766 1954 a
779 1906 840 1957 Deo
855 1907 884 1956 in
897 1904 988 1956 homi-

186 1985 249 2022 uem
260 1971 371 2022 collatis
381 1973 539 2026 muneribus
553 1987 615 2024 esse
630 1971 783 2032 fateantur,
798 1972 938 2036 quomodo
951 1971 989 2024 de

89 2064 102 2078 -
187 2037 339 2104 scriptione
357 2039 539 2107 epistolarum
556 2039 640 2090 aliter
661 2037 765 2088 sentire
787 2037 904 2100 possint.
950 2039 993 2090 Ut

187 2107 260 2154 euim
271 2115 399 2157 sermone
408 2110 483 2160 inter
491 2110 661 2176 praesentes,
669 2103 710 2152 ita
718 2101 845 2167 epistolis
855 2101 930 2153 inter
939 2105 992 2155 ab·

187 2178 282 2222 sentes
294 2173 378 2224 animi
397 2189 480 2226 sensa
497 2170 740 2223 conrmunicantur.
776 2165 831 2215 Per
850 2167 992 2231 epistolas

185 2235 343 2291 mercatura
352 2240 507 2299 exercetur,
521 2250 575 2302 qua
584 2233 608 2284 si
619 2245 785 2292 careremus,
800 2231 992 2287 innumerabi-

185 2303 259 2363 libus
271 2305 423 2359 eommodis
437 2315 606 2362 careremus3
620 2313 670 2366 per
684 2297 817 2364 epistolas
831 2305 911 2364 pater
923 2317 993 2354 curu

187 2369 293 2435 liberis,
305 2373 347 2422 vir
356 2385 417 2420 eum
428 2369 529 2428 uxore,
542 2365 643 2416 fratres
659 2379 692 2416 ae
705 2365 851 2432 propinqui
860 2366 936 2420 inter
945 2385 993 2434 se,
1058 2423 1060 2432 ,

185 2442 244 2492 tum
260 2449 382 2502 quoque,
399 2449 460 2489 euro
477 2432 643 2492 multiinter
656 2441 707 2484 eos
721 2438 829 2483 montes
842 2434 992 2504 multaque

185 2503 272 2551 maria
281 2499 428 2552 interiecta
437 2507 509 2562 sunt,
519 2497 560 2550 ita
570 2499 774 2568 colloquuntur,
782 2505 813 2550 ut
821 2515 876 2552 una
886 2516 991 2558 omnes

186 2567 261 2619 domi
275 2581 337 2620 esse
352 2565 511 2630 videantur3
529 2567 581 2634 per
594 2567 729 2634 epistolas
743 2572 772 2618 et
785 2567 947 2620 indicuntur
958 2578 992 2622 ct

184 2641 318 2702 geruntur
327 2633 410 2697 bella,
424 2648 507 2709 paces
518 2642 731 2703 componuntur,
746 2635 819 2688 inter
828 2637 990 2689 remotissi-
