<?xml version="1.0" encoding="UTF-8"?>
<!DOCTYPE html PUBLIC "-//W3C//DTD XHTML 1.0 Transitional//EN"
    "http://www.w3.org/TR/xhtml1/DTD/xhtml1-transitional.dtd">
<html xmlns="http://www.w3.org/1999/xhtml" xml:lang="en" lang="en">
 <head>
  <title>
</title>
<meta http-equiv="Content-Type" content="text/html;charset=utf-8" />
  <meta name='ocr-system' content='tesseract 3.04.00' />
  <meta name='ocr-capabilities' content='ocr_page ocr_carea ocr_par ocr_line ocrx_word'/>
</head>
<body>
  <div class='ocr_page' id='page_1' title='image "./mantoniimuretie01muregoog_0075.png"; bbox 0 0 2120 3018; ppageno 0'>
   <div class='ocr_carea' id='block_1_1' title="bbox 171 103 691 176">
    <p class='ocr_par' dir='ltr' id='par_1_1' title="bbox 171 103 691 176">
     <span class='ocr_line' id='line_1_1' title="bbox 171 103 691 176; baseline -0.004 0"><span class='ocrx_word' id='word_1_1' title='bbox 171 121 205 176; x_wconf 82' lang='lat' dir='ltr'>ss</span> <span class='ocrx_word' id='word_1_2' title='bbox 455 103 604 176; x_wconf 80' lang='lat' dir='ltr'>oenum</span> <span class='ocrx_word' id='word_1_3' title='bbox 623 119 691 175; x_wconf 84' lang='lat' dir='ltr'>vu</span> 
     </span>
    </p>
   </div>
   <div class='ocr_carea' id='block_1_2' title="bbox 124 222 1058 1685">
    <p class='ocr_par' dir='ltr' id='par_1_2' title="bbox 169 222 971 489">
     <span class='ocr_line' id='line_1_2' title="bbox 170 222 970 302; baseline 0.001 -25"><span class='ocrx_word' id='word_1_4' title='bbox 170 237 232 277; x_wconf 83' lang='lat' dir='ltr'>mos</span> <span class='ocrx_word' id='word_1_5' title='bbox 242 227 397 276; x_wconf 82' lang='lat' dir='ltr'>cernerent:</span> <span class='ocrx_word' id='word_1_6' title='bbox 416 236 470 291; x_wconf 76' lang='lat' dir='ltr'>ego</span> <span class='ocrx_word' id='word_1_7' title='bbox 481 229 580 276; x_wconf 85' lang='lat' dir='ltr'>contra</span> <span class='ocrx_word' id='word_1_8' title='bbox 587 223 622 275; x_wconf 89' lang='lat' dir='ltr'>ab</span> <span class='ocrx_word' id='word_1_9' title='bbox 633 237 677 286; x_wconf 87' lang='lat' dir='ltr'>eo,</span> <span class='ocrx_word' id='word_1_10' title='bbox 688 235 769 302; x_wconf 84' lang='lat' dir='ltr'>quem</span> <span class='ocrx_word' id='word_1_11' title='bbox 778 222 868 290; x_wconf 83' lang='lat' dir='ltr'>semel</span> <span class='ocrx_word' id='word_1_12' title='bbox 876 223 904 277; x_wconf 90' lang='lat' dir='ltr'>in</span> <span class='ocrx_word' id='word_1_13' title='bbox 914 237 970 292; x_wconf 71' lang='lat' dir='ltr'>ma·</span> 
     </span>
     <span class='ocr_line' id='line_1_3' title="bbox 170 288 970 358; baseline 0 -14"><span class='ocrx_word' id='word_1_14' title='bbox 170 306 222 344; x_wconf 86' lang='lat' dir='ltr'>nus</span> <span class='ocrx_word' id='word_1_15' title='bbox 232 291 464 356; x_wconf 82' lang='lat' dir='ltr'>suscepissem*),</span> <span class='ocrx_word' id='word_1_16' title='bbox 483 290 571 351; x_wconf 88' lang='lat' dir='ltr'>libro,</span> <span class='ocrx_word' id='word_1_17' title='bbox 585 305 640 342; x_wconf 93' lang='lat' dir='ltr'>non</span> <span class='ocrx_word' id='word_1_18' title='bbox 650 288 734 341; x_wconf 81' lang='lat' dir='ltr'>facrle</span> <span class='ocrx_word' id='word_1_19' title='bbox 745 291 827 342; x_wconf 87' lang='lat' dir='ltr'>avelli</span> <span class='ocrx_word' id='word_1_20' title='bbox 840 305 883 343; x_wconf 89' lang='lat' dir='ltr'>me</span> <span class='ocrx_word' id='word_1_21' title='bbox 893 299 970 358; x_wconf 85' lang='lat' dir='ltr'>pato·</span> 
     </span>
     <span class='ocr_line' id='line_1_4' title="bbox 169 355 971 424; baseline 0.002 -15"><span class='ocrx_word' id='word_1_22' title='bbox 169 369 229 420; x_wconf 89' lang='lat' dir='ltr'>rer,</span> <span class='ocrx_word' id='word_1_23' title='bbox 242 371 333 424; x_wconf 86' lang='lat' dir='ltr'>neque</span> <span class='ocrx_word' id='word_1_24' title='bbox 342 357 481 423; x_wconf 76' lang='lat' dir='ltr'>integrum</span> <span class='ocrx_word' id='word_1_25' title='bbox 494 355 577 408; x_wconf 91' lang='lat' dir='ltr'>modo</span> <span class='ocrx_word' id='word_1_26' title='bbox 588 371 702 418; x_wconf 86' lang='lat' dir='ltr'>annum,</span> <span class='ocrx_word' id='word_1_27' title='bbox 715 356 765 407; x_wconf 89' lang='lat' dir='ltr'>sed</span> <span class='ocrx_word' id='word_1_28' title='bbox 775 371 971 424; x_wconf 87' lang='lat' dir='ltr'>nonnunquam</span> 
     </span>
     <span class='ocr_line' id='line_1_5' title="bbox 170 421 970 489; baseline 0.004 -15"><span class='ocrx_word' id='word_1_29' title='bbox 170 423 319 476; x_wconf 76' lang='lat' dir='ltr'>triennium</span> <span class='ocrx_word' id='word_1_30' title='bbox 328 429 377 478; x_wconf 85' lang='lat' dir='ltr'>aut</span> <span class='ocrx_word' id='word_1_31' title='bbox 384 421 593 489; x_wconf 77' lang='lat' dir='ltr'><strong>quadriennium</strong></span> <span class='ocrx_word' id='word_1_32' title='bbox 603 436 657 473; x_wconf 92' lang='lat' dir='ltr'>uno</span> <span class='ocrx_word' id='word_1_33' title='bbox 666 428 748 488; x_wconf 90' lang='lat' dir='ltr'>atque</span> <span class='ocrx_word' id='word_1_34' title='bbox 759 423 857 474; x_wconf 74' lang='lat' dir='ltr'>eodeni</span> <span class='ocrx_word' id='word_1_35' title='bbox 865 424 894 474; x_wconf 89' lang='lat' dir='ltr'>in</span> <span class='ocrx_word' id='word_1_36' title='bbox 903 425 970 478; x_wconf 86' lang='lat' dir='ltr'>scri·</span> 
     </span>
    </p>

    <p class='ocr_par' dir='ltr' id='par_1_3' title="bbox 124 487 1058 1221">
     <span class='ocr_line' id='line_1_6' title="bbox 189 487 971 549; baseline 0.003 -7"><span class='ocrx_word' id='word_1_37' title='bbox 189 497 251 542; x_wconf 86' lang='lat' dir='ltr'>tore</span> <span class='ocrx_word' id='word_1_38' title='bbox 262 502 461 541; x_wconf 77' lang='lat' dir='ltr'><strong>consumerem.</strong></span> <span class='ocrx_word' id='word_1_39' title='bbox 493 487 574 549; x_wconf 79' lang='lat' dir='ltr'>Quod</span> <span class='ocrx_word' id='word_1_40' title='bbox 584 489 740 540; x_wconf 88' lang='lat' dir='ltr'>institutum</span> <span class='ocrx_word' id='word_1_41' title='bbox 749 503 840 540; x_wconf 91' lang='lat' dir='ltr'>meum</span> <span class='ocrx_word' id='word_1_42' title='bbox 851 493 905 541; x_wconf 85' lang='lat' dir='ltr'>etsi</span> <span class='ocrx_word' id='word_1_43' title='bbox 913 504 971 546; x_wconf 86' lang='lat' dir='ltr'>nou</span> 
     </span>
     <span class='ocr_line' id='line_1_7' title="bbox 170 503 1058 673; baseline 0.002 -65"><span class='ocrx_word' id='word_1_44' title='bbox 170 503 288 609; x_wconf 55' lang='lat' dir='ltr'>deerant</span> <span class='ocrx_word' id='word_1_45' title='bbox 304 555 352 622; x_wconf 72' lang='lat' dir='ltr'>qui.</span> <span class='ocrx_word' id='word_1_46' title='bbox 364 552 612 620; x_wconf 77' lang='lat' dir='ltr'>reprehenderent,</span> <span class='ocrx_word' id='word_1_47' title='bbox 626 555 667 606; x_wconf 92' lang='lat' dir='ltr'>illi</span> <span class='ocrx_word' id='word_1_48' title='bbox 677 561 781 618; x_wconf 89' lang='lat' dir='ltr'>tamen,</span> <span class='ocrx_word' id='word_1_49' title='bbox 795 557 899 673; x_wconf 48' lang='lat' dir='ltr'>§uibus</span> <span class='ocrx_word' id='word_1_50' title='bbox 914 571 969 625; x_wconf 79' lang='lat' dir='ltr'>ego</span> <span class='ocrx_word' id='word_1_51' title='bbox 1055 580 1058 600; x_wconf 67' lang='grc' dir='ltr'><strong><em>ε</em></strong></span> 
     </span>
     <span class='ocr_line' id='line_1_8' title="bbox 170 621 971 691; baseline 0.002 -17"><span class='ocrx_word' id='word_1_52' title='bbox 170 637 214 674; x_wconf 85' lang='lat' dir='ltr'>me</span> <span class='ocrx_word' id='word_1_53' title='bbox 235 621 349 688; x_wconf 89' lang='lat' dir='ltr'>probari</span> <span class='ocrx_word' id='word_1_54' title='bbox 363 622 458 687; x_wconf 90' lang='lat' dir='ltr'>cupio,</span> <span class='ocrx_word' id='word_1_55' title='bbox 478 635 587 686; x_wconf 90' lang='lat' dir='ltr'>semper</span> <span class='ocrx_word' id='word_1_56' title='bbox 600 621 760 686; x_wconf 79' lang='lat' dir='ltr'>probarunt.</span> <span class='ocrx_word' id='word_1_57' title='bbox 822 637 874 674; x_wconf 93' lang='lat' dir='ltr'>unc</span> <span class='ocrx_word' id='word_1_58' title='bbox 883 623 971 691; x_wconf 83' lang='lat' dir='ltr'>igitur</span> 
     </span>
     <span class='ocr_line' id='line_1_9' title="bbox 170 687 985 756; baseline -0.001 -17"><span class='ocrx_word' id='word_1_59' title='bbox 170 688 237 756; x_wconf 91' lang='lat' dir='ltr'>quid</span> <span class='ocrx_word' id='word_1_60' title='bbox 247 701 362 739; x_wconf 77' lang='lat' dir='ltr'>caussae</span> <span class='ocrx_word' id='word_1_61' title='bbox 372 687 465 748; x_wconf 84' lang='lat' dir='ltr'>fuerit,</span> <span class='ocrx_word' id='word_1_62' title='bbox 476 693 507 738; x_wconf 92' lang='lat' dir='ltr'>ut</span> <span class='ocrx_word' id='word_1_63' title='bbox 516 688 550 738; x_wconf 89' lang='lat' dir='ltr'>ab</span> <span class='ocrx_word' id='word_1_64' title='bbox 561 687 775 750; x_wconf 88' lang='lat' dir='ltr'>eodesciverim,</span> <span class='ocrx_word' id='word_1_65' title='bbox 785 691 893 755; x_wconf 87' lang='lat' dir='ltr'>aperire</span> <span class='ocrx_word' id='word_1_66' title='bbox 904 705 968 741; x_wconf 87' lang='lat' dir='ltr'>con·</span> <span class='ocrx_word' id='word_1_67' title='bbox 980 733 985 738; x_wconf 86' lang='lat'>.</span> 
     </span>
     <span class='ocr_line' id='line_1_10' title="bbox 169 752 969 820; baseline 0.001 -15"><span class='ocrx_word' id='word_1_68' title='bbox 169 755 257 816; x_wconf 88' lang='lat' dir='ltr'>stitui,</span> <span class='ocrx_word' id='word_1_69' title='bbox 268 760 325 806; x_wconf 91' lang='lat' dir='ltr'>tum</span> <span class='ocrx_word' id='word_1_70' title='bbox 335 758 366 806; x_wconf 89' lang='lat' dir='ltr'>ut</span> <span class='ocrx_word' id='word_1_71' title='bbox 375 768 410 804; x_wconf 92' lang='lat' dir='ltr'>ne</span> <span class='ocrx_word' id='word_1_72' title='bbox 420 754 482 820; x_wconf 90' lang='lat' dir='ltr'>quis</span> <span class='ocrx_word' id='word_1_73' title='bbox 492 752 530 814; x_wconf 92' lang='lat' dir='ltr'>id,</span> <span class='ocrx_word' id='word_1_74' title='bbox 541 761 598 804; x_wconf 86' lang='lat' dir='ltr'>tam</span> <span class='ocrx_word' id='word_1_75' title='bbox 618 769 681 804; x_wconf 83' lang='lat' dir='ltr'>narn</span> <span class='ocrx_word' id='word_1_76' title='bbox 690 760 795 806; x_wconf 88' lang='lat' dir='ltr'>temere</span> <span class='ocrx_word' id='word_1_77' title='bbox 806 754 918 820; x_wconf 80' lang='lat' dir='ltr'>factum,</span> <span class='ocrx_word' id='word_1_78' title='bbox 929 757 969 807; x_wconf 90' lang='lat' dir='ltr'>le·</span> 
     </span>
     <span class='ocr_line' id='line_1_11' title="bbox 169 769 997 938; baseline -0.001 -68"><span class='ocrx_word' id='word_1_79' title='bbox 169 820 250 871; x_wconf 80' lang='lat' dir='ltr'>vitati</span> <span class='ocrx_word' id='word_1_80' title='bbox 264 826 347 888; x_wconf 90' lang='lat' dir='ltr'>atque</span> <span class='ocrx_word' id='word_1_81' title='bbox 359 819 563 870; x_wconf 80' lang='lat' dir='ltr'>inconstantiae</span> <span class='ocrx_word' id='word_1_82' title='bbox 578 769 788 873; x_wconf 53' lang='lat' dir='ltr'>adscribendum</span> <span class='ocrx_word' id='word_1_83' title='bbox 798 828 892 938; x_wconf 55' lang='lat' dir='ltr'>putem</span> <span class='ocrx_word' id='word_1_84' title='bbox 910 829 969 876; x_wconf 87' lang='lat' dir='ltr'>tum</span> <span class='ocrx_word' id='word_1_85' title='bbox 990 864 997 869; x_wconf 91' lang='lat'><em>.</em></span> 
     </span>
     <span class='ocr_line' id='line_1_12' title="bbox 169 885 969 954; baseline 0.003 -15"><span class='ocrx_word' id='word_1_86' title='bbox 169 891 201 939; x_wconf 87' lang='lat' dir='ltr'>ut</span> <span class='ocrx_word' id='word_1_87' title='bbox 217 901 311 938; x_wconf 89' lang='lat' dir='ltr'>omnes</span> <span class='ocrx_word' id='word_1_88' title='bbox 324 886 495 953; x_wconf 82' lang='lat' dir='ltr'>intelligant,</span> <span class='ocrx_word' id='word_1_89' title='bbox 512 886 648 953; x_wconf 87' lang='lat' dir='ltr'>quidquid</span> <span class='ocrx_word' id='word_1_90' title='bbox 659 885 783 953; x_wconf 77' lang='lat' dir='ltr'>huius**)</span> <span class='ocrx_word' id='word_1_91' title='bbox 811 895 969 954; x_wconf 72' lang='lat' dir='ltr'>actumst,</span> 
     </span>
     <span class='ocr_line' id='line_1_13' title="bbox 169 951 967 1017; baseline 0.005 -13"><span class='ocrx_word' id='word_1_92' title='bbox 169 952 426 1004; x_wconf 76' lang='lat' dir='ltr'>sestraeutilitatis</span> <span class='ocrx_word' id='word_1_93' title='bbox 451 967 550 1004; x_wconf 87' lang='lat' dir='ltr'>caussa</span> <span class='ocrx_word' id='word_1_94' title='bbox 570 951 675 1006; x_wconf 83' lang='lat' dir='ltr'>iactum</span> <span class='ocrx_word' id='word_1_95' title='bbox 696 969 772 1017; x_wconf 86' lang='lat' dir='ltr'>esse,</span> <span class='ocrx_word' id='word_1_96' title='bbox 797 969 831 1006; x_wconf 90' lang='lat' dir='ltr'>ne</span> <span class='ocrx_word' id='word_1_97' title='bbox 852 969 886 1006; x_wconf 92' lang='lat' dir='ltr'>ue</span> <span class='ocrx_word' id='word_1_98' title='bbox 910 955 967 1009; x_wconf 89' lang='lat' dir='ltr'>alio</span> 
     </span>
     <span class='ocr_line' id='line_1_14' title="bbox 168 969 968 1089; baseline 0.004 -19"><span class='ocrx_word' id='word_1_99' title='bbox 168 1017 253 1088; x_wconf 70' lang='lat' dir='ltr'>&#39;quam</span> <span class='ocrx_word' id='word_1_100' title='bbox 262 1019 297 1070; x_wconf 82' lang='lat' dir='ltr'>sd</span> <span class='ocrx_word' id='word_1_101' title='bbox 308 1019 400 1070; x_wconf 85' lang='lat' dir='ltr'>studia</span> <span class='ocrx_word' id='word_1_102' title='bbox 408 1025 509 1080; x_wconf 83' lang='lat' dir='ltr'>vestra,</span> <span class='ocrx_word' id='word_1_103' title='bbox 522 1019 730 1089; x_wconf 84' lang='lat' dir='ltr'>quibuscunque</span> <span class='ocrx_word' id='word_1_104' title='bbox 739 969 893 1073; x_wconf 45' lang='lat' dir='ltr'>rationique</span> <span class='ocrx_word' id='word_1_105' title='bbox 903 1037 968 1088; x_wconf 85' lang='lat' dir='ltr'>pos-</span> 
     </span>
     <span class='ocr_line' id='line_1_15' title="bbox 124 1085 968 1152; baseline 0.008 -15"><span class='ocrx_word' id='word_1_106' title='bbox 124 1094 144 1102; x_wconf 85' lang='lat'>&#39;·</span> <span class='ocrx_word' id='word_1_107' title='bbox 170 1101 245 1147; x_wconf 89' lang='lat' dir='ltr'>sum,</span> <span class='ocrx_word' id='word_1_108' title='bbox 259 1085 459 1152; x_wconf 83' lang='lat' dir='ltr'>promovenda,</span> <span class='ocrx_word' id='word_1_109' title='bbox 475 1100 553 1137; x_wconf 91' lang='lat' dir='ltr'>meos</span> <span class='ocrx_word' id='word_1_110' title='bbox 564 1101 659 1139; x_wconf 91' lang='lat' dir='ltr'>omnes</span> <span class='ocrx_word' id='word_1_111' title='bbox 671 1094 800 1150; x_wconf 90' lang='lat' dir='ltr'>conatus,</span> <span class='ocrx_word' id='word_1_112' title='bbox 816 1101 911 1140; x_wconf 86' lang='lat' dir='ltr'>omues</span> <span class='ocrx_word' id='word_1_113' title='bbox 921 1103 968 1144; x_wconf 89' lang='lat' dir='ltr'>co·</span> 
     </span>
     <span class='ocr_line' id='line_1_16' title="bbox 157 1152 729 1221; baseline 0.009 -21"><span class='ocrx_word' id='word_1_114' title='bbox 157 1189 161 1200; x_wconf 72' lang='grc'>,</span> <span class='ocrx_word' id='word_1_115' title='bbox 170 1153 335 1221; x_wconf 76' lang='lat' dir='ltr'>gitatioaes‚</span> <span class='ocrx_word' id='word_1_116' title='bbox 352 1152 729 1220; x_wconf 84' lang='lat' dir='ltr'>omniaeonsiliapertinere.</span> 
     </span>
    </p>

    <p class='ocr_par' dir='ltr' id='par_1_4' title="bbox 169 1218 971 1685">
     <span class='ocr_line' id='line_1_17' title="bbox 203 1218 967 1290; baseline 0.005 -20"><span class='ocrx_word' id='word_1_117' title='bbox 203 1218 325 1271; x_wconf 87' lang='lat' dir='ltr'>Primum</span> <span class='ocrx_word' id='word_1_118' title='bbox 343 1218 429 1286; x_wconf 83' lang='lat' dir='ltr'>igitur</span> <span class='ocrx_word' id='word_1_119' title='bbox 447 1219 522 1272; x_wconf 78' lang='lat' dir='ltr'>viros</span> <span class='ocrx_word' id='word_1_120' title='bbox 538 1235 636 1290; x_wconf 82' lang='lat' dir='ltr'>graves</span> <span class='ocrx_word' id='word_1_121' title='bbox 655 1221 727 1272; x_wconf 89' lang='lat' dir='ltr'>etin</span> <span class='ocrx_word' id='word_1_122' title='bbox 744 1218 798 1272; x_wconf 87' lang='lat' dir='ltr'>hoc</span> <span class='ocrx_word' id='word_1_123' title='bbox 812 1220 967 1274; x_wconf 85' lang='lat' dir='ltr'>studiorum</span> 
     </span>
     <span class='ocr_line' id='line_1_18' title="bbox 171 1285 967 1366; baseline 0.006 -30"><span class='ocrx_word' id='word_1_124' title='bbox 171 1299 274 1354; x_wconf 72' lang='lat' dir='ltr'>genere</span> <span class='ocrx_word' id='word_1_125' title='bbox 284 1285 433 1353; x_wconf 77' lang='lat' dir='ltr'>diligenter</span> <span class='ocrx_word' id='word_1_126' title='bbox 443 1293 625 1354; x_wconf 80' lang='lat' dir='ltr'>accurateque</span> <span class='ocrx_word' id='word_1_127' title='bbox 635 1293 774 1349; x_wconf 82' lang='lat' dir='ltr'>versatos,</span> <span class='ocrx_word' id='word_1_128' title='bbox 785 1288 831 1366; x_wconf 90' lang='lat' dir='ltr'>qui</span> <span class='ocrx_word' id='word_1_129' title='bbox 842 1293 870 1340; x_wconf 90' lang='lat' dir='ltr'>et</span> <span class='ocrx_word' id='word_1_130' title='bbox 879 1289 914 1340; x_wconf 89' lang='lat' dir='ltr'>ad</span> <span class='ocrx_word' id='word_1_131' title='bbox 923 1303 967 1342; x_wconf 88' lang='lat' dir='ltr'>me</span> 
     </span>
     <span class='ocr_line' id='line_1_19' title="bbox 171 1352 971 1420; baseline 0.006 -16"><span class='ocrx_word' id='word_1_132' title='bbox 171 1366 255 1420; x_wconf 86' lang='lat' dir='ltr'>saepe</span> <span class='ocrx_word' id='word_1_133' title='bbox 266 1352 376 1405; x_wconf 87' lang='lat' dir='ltr'>domurn</span> <span class='ocrx_word' id='word_1_134' title='bbox 385 1355 521 1406; x_wconf 82' lang='lat' dir='ltr'>ventitare</span> <span class='ocrx_word' id='word_1_135' title='bbox 531 1360 568 1416; x_wconf 87' lang='lat' dir='ltr'>et,</span> <span class='ocrx_word' id='word_1_136' title='bbox 579 1369 641 1406; x_wconf 88' lang='lat' dir='ltr'>cum</span> <span class='ocrx_word' id='word_1_137' title='bbox 650 1353 728 1416; x_wconf 90' lang='lat' dir='ltr'>licet,</span> <span class='ocrx_word' id='word_1_138' title='bbox 739 1353 906 1406; x_wconf 75' lang='lat' dir='ltr'>auditorium</span> <span class='ocrx_word' id='word_1_139' title='bbox 913 1353 971 1409; x_wconf 85' lang='lat' dir='ltr'>boc</span> 
     </span>
     <span class='ocr_line' id='line_1_20' title="bbox 170 1418 968 1487; baseline 0.004 -17"><span class='ocrx_word' id='word_1_140' title='bbox 170 1418 347 1486; x_wconf 75' lang='lat' dir='ltr'>frequentare</span> <span class='ocrx_word' id='word_1_141' title='bbox 358 1426 572 1481; x_wconf 81' lang='lat' dir='ltr'>consueverunt,</span> <span class='ocrx_word' id='word_1_142' title='bbox 583 1421 692 1487; x_wconf 86' lang='lat' dir='ltr'>quoties</span> <span class='ocrx_word' id='word_1_143' title='bbox 702 1419 914 1473; x_wconf 82' lang='lat' dir='ltr'>recordarentur</span> <span class='ocrx_word' id='word_1_144' title='bbox 922 1436 968 1474; x_wconf 86' lang='lat' dir='ltr'>re·</span> 
     </span>
     <span class='ocr_line' id='line_1_21' title="bbox 170 1487 968 1555; baseline 0.008 -17"><span class='ocrx_word' id='word_1_145' title='bbox 170 1494 261 1538; x_wconf 85' lang='lat' dir='ltr'>terum</span> <span class='ocrx_word' id='word_1_146' title='bbox 279 1487 389 1538; x_wconf 89' lang='lat' dir='ltr'>illarum</span> <span class='ocrx_word' id='word_1_147' title='bbox 403 1487 632 1554; x_wconf 82' lang='lat' dir='ltr'>disputationum,</span> <span class='ocrx_word' id='word_1_148' title='bbox 652 1500 723 1555; x_wconf 90' lang='lat' dir='ltr'>quae</span> <span class='ocrx_word' id='word_1_149' title='bbox 740 1501 758 1537; x_wconf 89' lang='lat' dir='ltr'>a</span> <span class='ocrx_word' id='word_1_150' title='bbox 775 1501 819 1538; x_wconf 91' lang='lat' dir='ltr'>me</span> <span class='ocrx_word' id='word_1_151' title='bbox 834 1487 868 1539; x_wconf 90' lang='lat' dir='ltr'>de</span> <span class='ocrx_word' id='word_1_152' title='bbox 884 1489 968 1544; x_wconf 83' lang='lat' dir='ltr'>rebus</span> 
     </span>
     <span class='ocr_line' id='line_1_22' title="bbox 170 1551 968 1621; baseline 0.005 -17"><span class='ocrx_word' id='word_1_153' title='bbox 170 1554 342 1621; x_wconf 79' lang='lat' dir='ltr'>gravissimis</span> <span class='ocrx_word' id='word_1_154' title='bbox 370 1555 477 1606; x_wconf 88' lang='lat' dir='ltr'>uotidie</span> <span class='ocrx_word' id='word_1_155' title='bbox 487 1551 666 1614; x_wconf 84' lang='lat' dir='ltr'>habebantur,</span> <span class='ocrx_word' id='word_1_156' title='bbox 678 1559 706 1604; x_wconf 90' lang='lat' dir='ltr'>et</span> <span class='ocrx_word' id='word_1_157' title='bbox 717 1553 782 1604; x_wconf 88' lang='lat' dir='ltr'>olim</span> <span class='ocrx_word' id='word_1_158' title='bbox 793 1569 854 1605; x_wconf 92' lang='lat' dir='ltr'>cum</span> <span class='ocrx_word' id='word_1_159' title='bbox 864 1555 968 1608; x_wconf 70' lang='lat' dir='ltr'>druto·</span> 
     </span>
     <span class='ocr_line' id='line_1_23' title="bbox 169 1569 966 1685; baseline 0.003 -14"><span class='ocrx_word' id='word_1_160' title='bbox 169 1621 234 1672; x_wconf 86' lang='lat' dir='ltr'>telis</span> <span class='ocrx_word' id='word_1_161' title='bbox 248 1619 336 1672; x_wconf 87' lang='lat' dir='ltr'>libros</span> <span class='ocrx_word' id='word_1_162' title='bbox 352 1569 387 1672; x_wconf 57' lang='lat' dir='ltr'>de</span> <span class='ocrx_word' id='word_1_163' title='bbox 399 1621 523 1673; x_wconf 82' lang='lat' dir='ltr'>moribus</span> <span class='ocrx_word' id='word_1_164' title='bbox 538 1625 567 1670; x_wconf 90' lang='lat' dir='ltr'>et</span> <span class='ocrx_word' id='word_1_165' title='bbox 580 1621 704 1685; x_wconf 85' lang='lat' dir='ltr'>proxime</span> <span class='ocrx_word' id='word_1_166' title='bbox 719 1634 780 1671; x_wconf 89' lang='lat' dir='ltr'>cum</span> <span class='ocrx_word' id='word_1_167' title='bbox 794 1621 920 1673; x_wconf 85' lang='lat' dir='ltr'>Platonis</span> <span class='ocrx_word' id='word_1_168' title='bbox 935 1623 966 1672; x_wconf 90' lang='lat' dir='ltr'>li·</span> 
     </span>
    </p>
   </div>
   <div class='ocr_carea' id='block_1_3' title="bbox 169 1685 1059 1756">
    <p class='ocr_par' dir='ltr' id='par_1_5' title="bbox 169 1685 1059 1756">
     <span class='ocr_line' id='line_1_24' title="bbox 169 1685 1059 1756; baseline 0.006 -20"><span class='ocrx_word' id='word_1_169' title='bbox 169 1685 236 1737; x_wconf 88' lang='lat' dir='ltr'>bros</span> <span class='ocrx_word' id='word_1_170' title='bbox 250 1685 285 1736; x_wconf 90' lang='lat' dir='ltr'>de</span> <span class='ocrx_word' id='word_1_171' title='bbox 300 1687 444 1754; x_wconf 80' lang='lat' dir='ltr'>republica</span> <span class='ocrx_word' id='word_1_172' title='bbox 456 1689 667 1751; x_wconf 83' lang='lat' dir='ltr'>interpretarer,</span> <span class='ocrx_word' id='word_1_173' title='bbox 688 1685 864 1751; x_wconf 85' lang='lat' dir='ltr'>indignantes</span> <span class='ocrx_word' id='word_1_174' title='bbox 884 1693 967 1756; x_wconf 83' lang='lat' dir='ltr'>atque</span> <span class='ocrx_word' id='word_1_175' title='bbox 1058 1695 1059 1701; x_wconf 77' lang='grc'>’</span> 
     </span>
    </p>
   </div>
   <div class='ocr_carea' id='block_1_4' title="bbox 167 1750 969 1954">
    <p class='ocr_par' dir='ltr' id='par_1_6' title="bbox 167 1750 969 1954">
     <span class='ocr_line' id='line_1_25' title="bbox 167 1750 969 1819; baseline 0.005 -17"><span class='ocrx_word' id='word_1_176' title='bbox 167 1765 254 1819; x_wconf 84' lang='lat' dir='ltr'>aegre</span> <span class='ocrx_word' id='word_1_177' title='bbox 268 1751 396 1806; x_wconf 77' lang='lat' dir='ltr'>ferentes</span> <span class='ocrx_word' id='word_1_178' title='bbox 404 1751 563 1812; x_wconf 86' lang='lat' dir='ltr'>audiebam,</span> <span class='ocrx_word' id='word_1_179' title='bbox 584 1764 617 1801; x_wconf 92' lang='lat' dir='ltr'>eo</span> <span class='ocrx_word' id='word_1_180' title='bbox 632 1750 775 1802; x_wconf 85' lang='lat' dir='ltr'>redactum</span> <span class='ocrx_word' id='word_1_181' title='bbox 788 1766 850 1805; x_wconf 88' lang='lat' dir='ltr'>esse</span> <span class='ocrx_word' id='word_1_182' title='bbox 864 1768 920 1816; x_wconf 89' lang='lat' dir='ltr'>me,</span> <span class='ocrx_word' id='word_1_183' title='bbox 936 1761 969 1806; x_wconf 84' lang='lat' dir='ltr'>ut</span> 
     </span>
     <span class='ocr_line' id='line_1_26' title="bbox 170 1817 968 1885; baseline 0.001 -15"><span class='ocrx_word' id='word_1_184' title='bbox 170 1817 205 1870; x_wconf 88' lang='lat' dir='ltr'>de</span> <span class='ocrx_word' id='word_1_185' title='bbox 215 1819 433 1885; x_wconf 86' lang='lat' dir='ltr'>quaestiunculis</span> <span class='ocrx_word' id='word_1_186' title='bbox 446 1818 482 1869; x_wconf 88' lang='lat' dir='ltr'>ad</span> <span class='ocrx_word' id='word_1_187' title='bbox 490 1817 691 1883; x_wconf 61' lang='lat' dir='ltr'>vgrammaticos</span> <span class='ocrx_word' id='word_1_188' title='bbox 700 1820 902 1884; x_wconf 88' lang='lat' dir='ltr'>pertinentibus</span> <span class='ocrx_word' id='word_1_189' title='bbox 913 1820 968 1873; x_wconf 89' lang='lat' dir='ltr'>dis·</span> 
     </span>
     <span class='ocr_line' id='line_1_27' title="bbox 169 1884 968 1954; baseline 0.003 -18"><span class='ocrx_word' id='word_1_190' title='bbox 169 1897 264 1937; x_wconf 80' lang='lat' dir='ltr'>serere</span> <span class='ocrx_word' id='word_1_191' title='bbox 277 1901 395 1954; x_wconf 79' lang='lat' dir='ltr'>cogerer</span> <span class='ocrx_word' id='word_1_192' title='bbox 406 1890 435 1936; x_wconf 88' lang='lat' dir='ltr'>et</span> <span class='ocrx_word' id='word_1_193' title='bbox 444 1896 557 1936; x_wconf 88' lang='lat' dir='ltr'>monere</span> <span class='ocrx_word' id='word_1_194' title='bbox 567 1896 682 1948; x_wconf 90' lang='lat' dir='ltr'>pueros,</span> <span class='ocrx_word' id='word_1_195' title='bbox 698 1884 884 1951; x_wconf 87' lang='lat' dir='ltr'>quidLatine,</span> <span class='ocrx_word' id='word_1_196' title='bbox 899 1887 968 1953; x_wconf 90' lang='lat' dir='ltr'>quid</span> 
     </span>
    </p>
   </div>
   <div class='ocr_carea' id='block_1_5' title="bbox 64 1950 1057 2018">
    <p class='ocr_par' dir='ltr' id='par_1_7' title="bbox 64 1950 1057 2018">
     <span class='ocr_line' id='line_1_28' title="bbox 64 1950 1057 2018; baseline 0 -16"><span class='ocrx_word' id='word_1_197' title='bbox 64 1977 69 1984; x_wconf 76' lang='lat'><em>,</em></span> <span class='ocrx_word' id='word_1_198' title='bbox 167 1952 257 2003; x_wconf 87' lang='lat' dir='ltr'>minus</span> <span class='ocrx_word' id='word_1_199' title='bbox 276 1953 428 2013; x_wconf 77' lang='lat' dir='ltr'>diceretur3</span> <span class='ocrx_word' id='word_1_200' title='bbox 450 1962 596 2014; x_wconf 85' lang='lat' dir='ltr'>quaerere,</span> <span class='ocrx_word' id='word_1_201' title='bbox 616 1963 723 2018; x_wconf 84' lang='lat' dir='ltr'>exque</span> <span class='ocrx_word' id='word_1_202' title='bbox 741 1950 847 2003; x_wconf 88' lang='lat' dir='ltr'>familia</span> <span class='ocrx_word' id='word_1_203' title='bbox 865 1951 968 2005; x_wconf 80' lang='lat' dir='ltr'>luisset</span> <span class='ocrx_word' id='word_1_204' title='bbox 1056 1999 1057 2002; x_wconf 74' lang='grc'>,</span> 
     </span>
    </p>
   </div>
   <div class='ocr_carea' id='block_1_6' title="bbox 157 2013 966 2085">
    <p class='ocr_par' dir='ltr' id='par_1_8' title="bbox 157 2013 966 2085">
     <span class='ocr_line' id='line_1_29' title="bbox 157 2013 966 2085; baseline 0 -15"><span class='ocrx_word' id='word_1_205' title='bbox 157 2017 287 2080; x_wconf 81' lang='lat' dir='ltr'>·Varres,</span> <span class='ocrx_word' id='word_1_206' title='bbox 300 2024 347 2068; x_wconf 89' lang='lat' dir='ltr'>aut</span> <span class='ocrx_word' id='word_1_207' title='bbox 359 2015 432 2067; x_wconf 87' lang='lat' dir='ltr'>unde</span> <span class='ocrx_word' id='word_1_208' title='bbox 441 2013 568 2066; x_wconf 84' lang='lat' dir='ltr'>duxisset</span> <span class='ocrx_word' id='word_1_209' title='bbox 581 2031 709 2079; x_wconf 83' lang='lat' dir='ltr'>uxorem,</span> <span class='ocrx_word' id='word_1_210' title='bbox 725 2024 772 2068; x_wconf 87' lang='lat' dir='ltr'>aut</span> <span class='ocrx_word' id='word_1_211' title='bbox 784 2018 830 2066; x_wconf 92' lang='lat' dir='ltr'>ubi</span> <span class='ocrx_word' id='word_1_212' title='bbox 846 2025 875 2068; x_wconf 85' lang='lat' dir='ltr'>et</span> <span class='ocrx_word' id='word_1_213' title='bbox 884 2034 966 2085; x_wconf 80' lang='lat' dir='ltr'>quarn</span> 
     </span>
    </p>
   </div>
   <div class='ocr_carea' id='block_1_7' title="bbox 168 2080 1057 2150">
    <p class='ocr_par' dir='ltr' id='par_1_9' title="bbox 168 2080 1057 2150">
     <span class='ocr_line' id='line_1_30' title="bbox 168 2080 1057 2150; baseline -0.009 -11"><span class='ocrx_word' id='word_1_214' title='bbox 168 2084 217 2138; x_wconf 86' lang='lat' dir='ltr'>diu</span> <span class='ocrx_word' id='word_1_215' title='bbox 231 2083 398 2146; x_wconf 82' lang='lat' dir='ltr'>exsulasset;</span> <span class='ocrx_word' id='word_1_216' title='bbox 417 2083 479 2148; x_wconf 90' lang='lat' dir='ltr'>quis</span> <span class='ocrx_word' id='word_1_217' title='bbox 489 2080 538 2131; x_wconf 87' lang='lat' dir='ltr'>ille</span> <span class='ocrx_word' id='word_1_218' title='bbox 549 2088 638 2145; x_wconf 87' lang='lat' dir='ltr'>esset,</span> <span class='ocrx_word' id='word_1_219' title='bbox 657 2098 737 2150; x_wconf 84' lang='lat' dir='ltr'>quem</span> <span class='ocrx_word' id='word_1_220' title='bbox 748 2083 839 2148; x_wconf 85' lang='lat' dir='ltr'>legum</span> <span class='ocrx_word' id='word_1_221' title='bbox 855 2083 966 2149; x_wconf 70' lang='lat' dir='ltr'>laqueis</span> <span class='ocrx_word' id='word_1_222' title='bbox 1056 2103 1057 2134; x_wconf 64' lang='grc' dir='ltr'><strong>ι</strong></span> 
     </span>
    </p>
   </div>
   <div class='ocr_carea' id='block_1_8' title="bbox 166 2209 965 2380">
    <p class='ocr_par' dir='ltr' id='par_1_10' title="bbox 166 2209 965 2380">
     <span class='ocr_line' id='line_1_31' title="bbox 203 2209 965 2280; baseline -0.003 -25"><span class='ocrx_word' id='word_1_223' title='bbox 203 2215 225 2268; x_wconf 89' lang='grc'>·)</span> <span class='ocrx_word' id='word_1_224' title='bbox 241 2209 644 2280; x_wconf 63' lang='lat' dir='ltr'>§mipssmtniiallomampss&#39;uem</span> <span class='ocrx_word' id='word_1_225' title='bbox 654 2210 743 2252; x_wconf 79' lang='lat' dir='ltr'>llubnlr.</span> <span class='ocrx_word' id='word_1_226' title='bbox 756 2209 965 2280; x_wconf 51' lang='lat' dir='ltr'>yidetssstrpsnrn</span> 
     </span>
     <span class='ocr_line' id='line_1_32' title="bbox 166 2261 963 2380; baseline -0.003 -12"><span class='ocrx_word' id='word_1_227' title='bbox 166 2261 963 2380; x_wconf 49' lang='lat' dir='ltr'>&amp;stilibilnlllllzidillibibibiliibfffi·</span> 
     </span>
    </p>
   </div>
   <div class='ocr_carea' id='block_1_9' title="bbox 164 2408 961 2695">
    <p class='ocr_par' dir='ltr' id='par_1_11' title="bbox 164 2408 961 2695">
     <span class='ocr_line' id='line_1_33' title="bbox 192 2408 516 2464; baseline -0.003 -10"><span class='ocrx_word' id='word_1_228' title='bbox 192 2409 223 2464; x_wconf 81' lang='lat'>⁸¹)</span> <span class='ocrx_word' id='word_1_229' title='bbox 239 2408 333 2454; x_wconf 78' lang='lat' dir='ltr'>Terent</span> <span class='ocrx_word' id='word_1_230' title='bbox 342 2410 400 2456; x_wconf 79' lang='lat' dir='ltr'>Eun.</span> <span class='ocrx_word' id='word_1_231' title='bbox 408 2412 427 2455; x_wconf 90' lang='lat'>1.</span> <span class='ocrx_word' id='word_1_232' title='bbox 435 2419 458 2458; x_wconf 80' lang='lat'>2.</span> <span class='ocrx_word' id='word_1_233' title='bbox 470 2413 516 2455; x_wconf 77' lang='lat'>¹²2</span> 
     </span>
     <span class='ocr_line' id='line_1_34' title="bbox 242 2465 811 2528; baseline 0.004 -19"><span class='ocrx_word' id='word_1_234' title='bbox 242 2495 249 2504; x_wconf 70' lang='grc'><strong>-</strong></span> <span class='ocrx_word' id='word_1_235' title='bbox 329 2465 361 2510; x_wconf 81' lang='lat' dir='ltr'>Et</span> <span class='ocrx_word' id='word_1_236' title='bbox 369 2467 477 2528; x_wconf 78' lang='lat' dir='ltr'>qnidqrdd</span> <span class='ocrx_word' id='word_1_237' title='bbox 484 2465 551 2512; x_wconf 79' lang='lat' dir='ltr'>buius</span> <span class='ocrx_word' id='word_1_238' title='bbox 561 2465 619 2517; x_wconf 81' lang='lat' dir='ltr'>ieci,</span> <span class='ocrx_word' id='word_1_239' title='bbox 629 2477 708 2510; x_wconf 77' lang='lat' dir='ltr'>canses</span> <span class='ocrx_word' id='word_1_240' title='bbox 715 2465 811 2522; x_wconf 73' lang='lat' dir='ltr'>uirginis</span> 
     </span>
     <span class='ocr_line' id='line_1_35' title="bbox 164 2521 961 2635; baseline 0.004 -12"><span class='ocrx_word' id='word_1_241' title='bbox 164 2575 196 2623; x_wconf 69' lang='lat' dir='ltr'>d.</span> <span class='ocrx_word' id='word_1_242' title='bbox 209 2577 258 2624; x_wconf 81' lang='lat' dir='ltr'>cis.</span> <span class='ocrx_word' id='word_1_243' title='bbox 271 2578 302 2625; x_wconf 80' lang='lat' dir='ltr'>ad</span> <span class='ocrx_word' id='word_1_244' title='bbox 314 2521 440 2626; x_wconf 48' lang='lat' dir='ltr'>Alt‘ffiivl.</span> <span class='ocrx_word' id='word_1_245' title='bbox 448 2584 469 2627; x_wconf 74' lang='lat' dir='ltr'>t.</span> <span class='ocrx_word' id='word_1_246' title='bbox 479 2578 501 2634; x_wconf 68' lang='lat' dir='ltr'>t.</span> <span class='ocrx_word' id='word_1_247' title='bbox 514 2581 535 2630; x_wconf 77' lang='lat'>8,</span> <span class='ocrx_word' id='word_1_248' title='bbox 548 2578 629 2634; x_wconf 79' lang='lat' dir='ltr'>itaque</span> <span class='ocrx_word' id='word_1_249' title='bbox 646 2591 692 2626; x_wconf 86' lang='grc' dir='ltr'><strong>ιιοιι</strong></span> <span class='ocrx_word' id='word_1_250' title='bbox 709 2579 776 2626; x_wconf 85' lang='lat' dir='ltr'>video</span> <span class='ocrx_word' id='word_1_251' title='bbox 789 2547 899 2628; x_wconf 73' lang='lat' dir='ltr'>edinen</span> <span class='ocrx_word' id='word_1_252' title='bbox 916 2592 961 2635; x_wconf 79' lang='lat' dir='ltr'>sss,</span> 
     </span>
     <span class='ocr_line' id='line_1_36' title="bbox 164 2635 686 2695; baseline 0.002 -14"><span class='ocrx_word' id='word_1_253' title='bbox 164 2635 274 2694; x_wconf 66' lang='lat' dir='ltr'>quietim</span> <span class='ocrx_word' id='word_1_254' title='bbox 281 2635 324 2688; x_wconf 81' lang='lat' dir='ltr'>sit,</span> <span class='ocrx_word' id='word_1_255' title='bbox 334 2637 358 2682; x_wconf 85' lang='lat' dir='ltr'>ai</span> <span class='ocrx_word' id='word_1_256' title='bbox 367 2639 443 2684; x_wconf 75' lang='lat' dir='ltr'>stetin</span> <span class='ocrx_word' id='word_1_257' title='bbox 454 2636 541 2695; x_wconf 78' lang='lat' dir='ltr'>aliquid</span> <span class='ocrx_word' id='word_1_258' title='bbox 550 2637 686 2686; x_wconf 73' lang='lat' dir='ltr'>litterarum.</span> 
     </span>
    </p>
   </div>
   <div class='ocr_carea' id='block_1_10' title="bbox 0 0 1064 3018">
    <p class='ocr_par' dir='ltr' id='par_1_12' title="bbox 0 0 1064 3018">
     <span class='ocr_line' id='line_1_37' title="bbox 0 0 1064 3018; baseline 0 1"><span class='ocrx_word' id='word_1_259' title='bbox 0 0 1064 3018; x_wconf 95' lang='lat' dir='ltr'> </span> 
     </span>
    </p>
   </div>
  </div>
 </body>
</html>
