2150 3012
367 163 515 217 orario
534 163 569 216 Χ.
640 208 646 228 Ι
783 147 785 152 ’
833 166 866 218 ss

70 267 196 320 eiusdem
208 265 292 330 animi
302 264 583 318 industriamlaudaro
591 271 619 315 et
628 264 714 316 otium
724 265 867 334 amplecti3

68 349 123 388 nou
146 333 227 386 aerio
248 332 354 396 laudat,
374 333 420 400 qui
440 347 494 384 non
514 339 543 382 et
561 333 744 406 concupiscio
763 347 818 382 non
832 345 868 386 cx

68 403 160 454 auimo
173 400 335 463 admiratur,
346 401 391 516 qui
402 413 455 449 non
467 399 633 478 etimitatur.
660 400 695 449 nt
703 399 784 460 bene,
793 399 868 466 quod

69 469 171 520 existo
181 481 298 518 numero
312 483 357 517 rou
369 467 391 517 ti
403 480 457 517 non
470 467 555 518 otiosi
564 472 688 516 veterum
697 465 868 528 laudatores,

68 533 119 586 sed
132 533 243 584 strenui
256 535 349 599 potius
358 534 524 594 imitatores,
540 547 594 583 non
606 538 663 582 tarn
677 532 713 583 ad
724 530 870 598 praeclata
946 592 952 600 ἱ

69 601 163 654 studia
174 597 341 652 cohortandi
350 600 434 664 estis,
449 613 529 665 quarn
545 599 671 665 exemplo
684 606 778 650 vestro
794 598 868 650 exci-

67 673 129 718 tare
139 665 196 732 ipsi
206 667 279 718 alios
289 681 321 718 ac
332 665 607 732 cohortaripotestis.
642 665 738 731 ltaque
747 677 798 732 pro
809 679 868 716 cer-

68 739 99 784 to
110 730 218 796 habeo,
233 739 322 783 totum
331 733 360 783 id
373 740 494 798 tempus,
508 745 561 799 quo
575 730 656 784 nobis
667 731 779 800 hucper
793 731 868 782 ealo-

69 813 115 850 res
126 800 279 852 convenire
288 813 344 849 non
354 800 445 860 licuit,
458 812 512 851 noa
522 805 613 849 tamen
625 814 642 848 e
650 799 730 850 vobis
739 798 869 865 languori

71 879 103 916 ac
122 866 251 918 desidiae
271 865 377 928 datum,
407 865 469 928 sed,
498 871 632 932 quatenus
652 865 744 927 licuit,
774 877 869 916 earum

71 931 192 998 ipsarum
204 932 318 993 artium,
339 943 451 998 querum
468 946 561 982 amore
574 930 711 998 flagratis,
728 931 870 983 umbratili
920 941 922 945 '

72 1011 104 1050 ac
117 1000 275 1052 domestica
286 999 486 1050 exercitatione
500 999 664 1051 traductum.
701 997 748 1051 Sic
761 1000 869 1066 agrico-

72 1063 128 1127 lae,
143 1067 191 1118 ubi
202 1070 384 1130 tempestates
395 1067 483 1116 malae
494 1073 570 1128 sunt,
585 1081 646 1117 cunr
657 1079 727 1132 opus
738 1065 800 1117 lieri
813 1079 870 1117 non
902 1087 910 1099 ι

72 1138 178 1196 potest,
193 1132 248 1183 sub
258 1137 334 1184 tecto
343 1137 432 1182 tanen
444 1131 516 1198 quod
531 1139 617 1199 agant
624 1134 777 1200 reperiunt,
792 1143 869 1183 acne

72 1197 147 1262 ipaos
158 1199 272 1266 quidem
283 1196 371 1248 lestos
381 1197 441 1249 dies
450 1198 505 1249 eibi
514 1199 746 1264 prorsusinutilea
757 1197 869 1250 effluere

16 1309 17 1312 ,
73 1267 223 1328 patiuntur.
260 1264 307 1316 stc
324 1263 440 1325 milites,
466 1265 514 1314 ubi
528 1279 577 1314 eos
592 1263 714 1316 horrifer
731 1265 870 1332 aquilonia

74 1331 207 1396 stridor*)
228 1331 258 1382 in
276 1329 393 1381 hiberna
412 1330 569 1397 compulsos
582 1330 695 1383 bellicis
711 1331 870 1385 muneribus

75 1399 214 1460 avocarit,
231 1397 354 1465 quotidie
366 1403 456 1448 tamen
472 1404 520 1447 aut
531 1411 614 1448 cursu
628 1404 677 1450 aut
690 1399 764 1448 saltu
777 1407 825 1447 aut
835 1393 872 1446 ad

75 1463 164 1526 palum
175 1471 354 1526 exercentur,
365 1470 412 1515 aut
423 1463 494 1514 fietis
502 1463 576 1515 inter
585 1479 616 1515 se
626 1464 794 1532 proeliorum
804 1464 873 1513 inra-

95 1529 186 1582 inibus
197 1531 344 1591 dimicant,
360 1537 408 1582 aut
420 1531 529 1597 gladios
542 1538 656 1594 acuunt,
672 1537 720 1582 aut
734 1544 811 1581 arma
822 1543 872 1595 pe·

76 1543 158 1660 fiunt,
179 1611 253 1678 quae
274 1597 391 1664 denique
409 1597 438 1648 in
456 1596 531 1648 belle
551 1598 615 1649 usui
632 1597 726 1650 sutura
744 1602 874 1658 sunt‚·ee

78 1663 169 1714 omnic
186 1679 215 1716 ιιι
235 1677 303 1729 pace
321 1663 497 1716 meditentur.
532 1663 614 1725 Quod
635 1679 688 1732 ego
708 1670 740 1715 ut
756 1662 823 1715 mihi
837 1663 872 1714 de

78 1727 156 1780 robis
168 1729 299 1797 polliceri
313 1730 417 1793 audeo,
436 1727 477 1782 ita
490 1731 615 1783 cubiade
628 1747 673 1784 me
682 1731 764 1798 plane
774 1731 874 1783 conlit-

57 1838 64 1844 ,
79 1805 153 1846 orare
168 1811 293 1863 possum.
326 1797 424 1865 Neque
437 1800 509 1850 enim
525 1797 593 1851 mibi
605 1799 695 1852 minus
711 1800 803 1850 otiosa
816 1798 875 1849 ulle

19 1895 21 1908 .
79 1869 145 1974 Em
153 1865 218 1914 anni
228 1863 296 1926 fuit,
309 1879 388 1930 quarn
400 1880 469 1932 quae
480 1865 514 1916 ad
525 1867 645 1932 quietern
655 1879 790 1916 concessa
798 1865 873 1915 vide·

82 1990 89 2002 ,
100 1933 168 2004 etur.
191 1930 289 1981 Libuit
295 1929 362 1982 mibi
370 1933 636 1998 istorumpotentum
645 1930 874 1983 consuetudinem
885 1993 888 2002 Ι

81 1995 181 2044 imitari
195 2004 224 2048 et
236 2003 360 2060 tentare,
380 2013 455 2060 num,
476 2013 544 2066 ques
553 1999 615 2054 iliis,
622 1998 737 2050 aestatis
748 2005 873 2065 tempore

82 2058 235 2126 voluptates
254 2064 413 2114 divitiarum
431 2079 540 2116 suarum
559 2065 721 2134 magnitudo
739 2069 873 2132 praestat,

83 2126 191 2179 eosdem
200 2128 269 2180 mihi
277 2132 307 2180 in
315 2145 346 2181 re
357 2137 435 2182 curta
444 2147 477 2182 ae
486 2135 564 2184 tenui
573 2133 666 2184 studia
674 2146 737 2184 rnea
746 2131 874 2211 suppedi-

83 2193 140 2241 tare
151 2202 275 2259 possent.
310 2197 398 2264 igitur
411 2205 441 2249 ut
449 2198 491 2248 illi
502 2211 536 2250 ea
545 2204 710 2265 tempestate
721 2213 786 2250 anni
796 2213 872 2248 mon·

84 2259 365 2315 tosaetaltioraloca
378 2269 406 2314 et
419 2265 536 2316 saltuum
551 2279 584 2316 ac
596 2279 738 2316 nemorum
752 2265 874 2330 opacita-

85 2325 137 2399 10131
157 2335 363 2392 consectantur,
380 2331 422 2382 sic
441 2338 469 2382 et
488 2345 541 2398 ego
558 2331 724 2383 Heliconios
743 2331 831 2382 colles
845 2338 874 2380 et

86 2399 145 2439 arra
153 2391 292 2448 Pieridum
302 2397 409 2461 leea**)
422 2412 586 2464 peragrans,
599 2404 704 2450 aestum
715 2398 873 2449 ambitionis

84 2457 269 2528 avaritiaeque
282 2464 411 2515 vitabam.
445 2465 482 2516 Ut
492 2464 536 2514 illi
550 2465 585 2515 ad
598 2464 715 2516 fontium
728 2471 777 2514 aut
786 2463 873 2514 durari·

88 2527 146 2571 llum
157 2529 246 2595 capita
256 2529 346 2593 strati,
355 2529 482 2582 cantibus
491 2530 660 2584 avicularum
670 2532 787 2582 unionum
799 2527 874 2579 oble·

121 2602 141 2656 ⁸)
157 2607 283 2657 cie..ruse.
291 2609 310 2656 1.
321 2614 354 2656 2⁸.

115 2659 144 2712 “l
159 2659 249 2712 Lucet.
260 2671 281 2716 l·
290 2669 340 2714 ⁹2⁵.
349 2665 391 2712 Ν.
403 2671 421 2712 1.
