2140 3010
8 1425 9 1428 ¹
91 1409 204 1461 turbato
228 1420 261 1456 ac
280 1404 439 1471 periculoso
461 1417 552 1454 rerum
577 1407 697 1457 oninium
720 1410 793 1456 statu

370 175 520 228 ORATIO
543 175 607 230 XX.
809 185 879 233 osi

86 287 168 350 eapte
179 267 340 340 occasione,
353 285 467 345 propter
476 263 599 330 teneram
612 279 706 332 Caroli
721 283 796 351 regis
807 291 881 334 oeta·

86 357 154 411 tem,
164 350 277 414 impune
287 346 339 396 sibi
351 347 442 399 omnia
451 346 537 396 licere
552 347 690 408 arbitrati,
703 349 836 414 capitales
851 363 883 399 as

85 415 209 469 nefarias
221 414 255 464 de
266 413 402 479 religione
414 413 557 478 opiniones
568 413 676 491 publicp
687 415 821 480 inrulgus
830 415 883 466 dis·

89 481 271 533 seminabant.
306 479 417 544 lamque
427 492 472 528 res
484 493 518 529 eo
531 493 681 545 progressa
694 488 765 542 erat,
785 488 881 532 utnon

86 548 198 598 infimae
211 549 316 596 tantum
329 545 418 611 plebis
432 545 539 594 animos
561 548 618 596 suis
636 547 693 598 illis
708 549 821 596 venenis
830 547 882 600 ioa-

86 613 227 674 buisseot,
252 612 302 662 sed
326 617 355 661 et
377 625 411 661 er
428 611 497 676 ipsis
517 609 685 677 principibus
705 628 759 662 ooo
779 625 882 678 paucos

88 679 185 730 eadem
196 693 319 730 errorum
331 677 466 728 foeditate
478 677 721 730 contaminassent.
756 679 883 746 Expone·

86 745 188 798 baottm
197 745 338 824 propalam
349 751 377 794 et
389 743 508 794 omniurn
521 744 646 795 nraoibue
659 745 821 796 terebantur·
829 744 883 796 ltu·

86 811 170 874 theri,
182 811 287 862 Caluini
300 816 328 862 et
338 810 454 860 aliorum
463 811 610 876 impiorum
621 809 759 863 lromioum
771 813 881 876 scripta.

86 878 254 944 Hieronymi
264 891 331 928 vero
342 883 371 927 et
379 877 524 943 Augustini
534 883 563 927 et
572 876 703 945 Gregorii
712 884 740 928 et
747 878 883 928 Ambrosii

90 945 286 996 saluberrimae
309 943 516 994 lucubrationes
532 943 572 994 ab
593 945 719 996 omnibus
737 959 883 1010 propemo-

90 1011 154 1063 dum
167 1018 195 1062 et
208 1011 325 1061 officinis
339 1008 555 1061 etbibliotheeis
570 1011 746 1074 exsulabant3
772 1011 802 1062 io
821 1012 883 1078 ipsu

90 1079 155 1130 aula
168 1093 200 1129 ac
213 1078 345 1128 comitatu
357 1077 437 1143 regio
452 1075 576 1142 quotidie
586 1075 757 1128 habebantur
765 1075 884 1128 haereti·

91 1159 185 1195 eorum
198 1143 439 1211 frequentissimae
453 1143 614 1193 conciones:
634 1145 726 1192 omnia
739 1157 883 1196 exsecrao·

91 1211 136 1261 tiis
147 1211 258 1263 illorum
275 1207 451 1260 cantionibus
469 1207 689 1272 perstrepebaot3
712 1209 883 1260 detestandis

89 1276 218 1328 ioDeum
233 1283 261 1326 et
271 1275 396 1325 ioDiros
405 1271 515 1322 illarum
525 1274 643 1336 pestium
658 1275 772 1324 rocibus
783 1275 883 1326 Catho-

89 1344 208 1394 lieorum
221 1355 302 1392 aures
316 1338 427 1389 assidua
443 1336 665 1390 verberabantur.
699 1339 730 1388 ln
748 1345 804 1389 tom
816 1355 883 1456 per·

839 1421 884 1456 rus

91 1476 223 1535 Quartus,
232 1470 365 1522 Pontifex
373 1471 517 1533 maximus,
530 1471 631 1535 divino,
646 1479 677 1523 ut
688 1471 821 1523 credibile
831 1479 883 1532 est,

90 1541 234 1601 instinctu,
244 1537 313 1588 nihil
324 1538 411 1588 satius
421 1551 482 1588 esse
492 1537 632 1601 iudicavit,
650 1555 728 1606 quam
740 1545 770 1588 ut
778 1537 884 1604 Hippo·

90 1607 168 1674 lytus
179 1604 332 1657 Cardioalis
342 1603 528 1655 Ferrarieosis
538 1607 626 1670 primo
639 1620 748 1673 quoque
758 1611 883 1670 tempore

56 1727 57 1732 ,
89 1675 200 1740 legatus
214 1671 372 1728 inGalliam
385 1671 550 1722 mitteretur.
586 1672 713 1739 Suscepit
728 1672 883 1738 onuslega·

89 1740 177 1793 tionis
198 1740 325 1804 princeps
346 1737 465 1788 maximo
488 1740 579 1789 animo
603 1741 757 1804 praeditus,
794 1751 883 1805 oeque

90 1807 240 1858 deterritum
259 1811 303 1856 est
322 1809 369 1854 aut
382 1803 573 1854 imbecillitate
587 1805 752 1857 valetudinis
766 1811 813 1856 aut
825 1806 884 1855 loo-

112 1873 216 1924 ‘tddioe
229 1871 338 1923 itineris
352 1877 400 1922 eut
414 1871 476 1921 anui
492 1877 630 1937 tempore,
644 1900 676 1910 -
691 1874 831 1924 eratenim
843 1885 882 1922 ar-

112 1939 255 1991 entissima
267 1943 371 2000 aestas,
390 1952 444 2005 qua
457 1943 623 2004 tempestate
637 1938 720 1988 etiam
731 1941 775 2004 qui
788 1938 884 1989 firmie-

91 2007 155 2057 simi
169 2012 244 2068 sunt,
262 2007 352 2072 neque
366 2005 479 2056 Romam
491 2005 587 2056 reama
601 2019 689 2072 oeque
702 2005 790 2056 Roma
808 2005 884 2056 exire

89 2079 180 2123 tutum
189 2078 298 2138 putant,
314 2100 343 2112 -
356 2078 404 2122 aut
417 2072 563 2137 perieulis,
582 2072 719 2138 quaesibi
733 2080 884 2138 noctesque

91 2138 209 2204 diesque
215 2140 239 2200 *)
250 2144 279 2189 et
290 2143 386 2203 aperta
394 2141 421 2189 ri
433 2145 462 2189 ct
471 2153 505 2188 ex
514 2138 623 2189 insidiis
634 2139 668 2188 ab
676 2137 826 2190 haereticis
836 2139 884 2188 im·

89 2206 197 2256 minere
205 2204 389 2270 intelligebat.
422 2204 452 2254 ln
464 2219 498 2255 ea
507 2204 647 2270 legatione
658 2206 729 2257 alios
740 2220 775 2256 er
790 2205 884 2254 haere·
961 2219 966 2227 ·

90 2270 490 2333 ticisauetoritatcdeterruit,
509 2271 592 2332 alios,
612 2269 770 2322 osteosnali
792 2269 900 2334 uespe'

91 2337 308 2397 commodorum,
318 2343 362 2399 eo,
372 2337 447 2387 unde·
456 2337 589 2399 abierant,
602 2335 721 2400 reduxit,
735 2287 820 2388 muita
830 2336 885 2388 dis·

91 2403 245 2467 simularit,
263 2402 351 2455 multa
368 2402 495 2469 pertulit,
512 2403 599 2454 multa
615 2405 706 2472 palam
726 2410 753 2456 et
769 2403 885 2462 directo,

135 2514 156 2569 ¹)
172 2513 221 2558 Cic.
234 2514 262 2557 da
277 2518 333 2558 orat
345 2513 364 2557 1.
379 2514 467 2569 §.attia
489 2519 566 2556 noctu
582 2519 605 2556 et
617 2513 662 2557 etrier
677 2525 719 2569 prn
732 2514 798 2555 lione.
811 2513 885 2554 Amen.

91 2569 114 2623 §-
123 2571 154 2612 o:
165 2569 210 2614 ἀίει
217 2576 335 2627 noctesque
344 2569 385 2624 (ef.
394 2568 634 2612 aestumasset.
645 2573 668 2611 et
678 2567 803 2626 prnl’lsoe.
814 2567 833 2619 ξ.
840 2569 885 2619 99.)

93 2631 170 2669 noctes
185 2632 252 2681 atque
266 2625 311 2667 dies
321 2625 348 2666 de
357 2623 409 2666 rra.
421 2629 438 2666 1.
448 2625 469 2678 §-
480 2625 514 2665 ⁵1.
524 2623 562 2665 tibi
574 2625 679 2666 tamenin
689 2621 805 2678 plerisque
814 2623 885 2666 codo.

94 2686 117 2721 st
125 2681 191 2724 bouis
200 2681 251 2726 sdtl.
260 2677 344 2734 legitur
352 2685 469 2737 noctuque
480 2677 574 2737 diuque.
598 2701 606 2716 ι
