2150 3012
310 131 465 186 onorio
490 131 572 188 XVI.
590 131 689 189 xvir.
853 133 902 196 151

106 233 255 291 Sedoletus
267 239 296 285 ct
305 232 406 286 Petrus
415 224 536 287 Bemir‘ns
548 235 619 286 viam
629 235 683 288 sibi
693 235 729 287 ed
740 235 905 304 dignitatern

106 316 227 356 summae
242 303 395 368 proximam
409 304 575 353 munierunt
609 301 682 354 Nolo
699 304 904 357 detinentibus

106 371 214 432 dicere,
231 383 264 419 ne
276 375 323 418 cut
333 367 606 434 adularividearout
620 370 703 420 aliter
721 384 771 420 eos
784 369 903 433 laudem,

107 451 189 505 quom
201 435 257 502 ipsi
270 433 390 485 fortasse
410 433 519 486 laudeni
537 449 568 486 se
579 435 683 487 volunt.
717 434 788 497 Vos,
810 436 904 488 adole·
962 493 964 498 y

107 509 265 569 scentes-7
276 507 368 552 vestre
378 502 451 552 enirn
460 515 506 553 res
517 503 617 568 egitur,
626 508 654 554 et
662 503 730 554 sutis
740 502 795 553 iarn
806 503 903 553 verbo-

108 586 169 623 rum
181 569 284 620 iactum
299 573 353 630 est,
366 595 396 605 -
410 567 539 620 adiuvate
553 571 707 621 attentione
721 575 815 620 vestra
826 569 904 622 indu·

108 639 205 692 setam
214 649 315 696 meum,
329 633 438 685 etmihi
452 632 506 685 hoc
518 634 636 696 credite,
651 636 842 704 integritatem
852 635 904 687 ln-
982 665 987 676 .

86 727 97 734 ·
107 707 183 758 tinec
193 704 314 770 linguae,
332 700 520 768 cognitionem
531 701 716 768 antiquitatis,
731 702 906 772 prudentiam

107 773 136 824 in
149 771 232 823 rebus
246 767 376 836 gerendis
394 781 428 818 ex
445 767 523 823 nullo
537 768 680 820 Ciceronis
698 767 771 822 libro
790 781 906 838 posses

108 839 188 891 robis
198 836 298 888 melius
309 839 357 884 aut
368 832 480 885 facilius
497 849 578 917 quom
594 849 629 886 ex
639 833 682 886 his
694 835 820 904 epistolis
832 849 904 888 conr·

107 904 210 974 parari.
237 904 381 970 Cuperem,
393 900 571 963 PauleFoxi,
581 903 624 952 vir
633 916 688 952 non
698 907 804 953 tantum
813 901 842 952 in
851 901 906 970 pri·

108 973 161 1026 nnis
170 969 357 1032 illustris,sed
368 967 403 1019 ed
412 967 606 1020 illustrandum
616 966 669 1019 hoc
680 968 821 1020 saeculum
831 975 906 1030 nate,

108 1053 180 1093 noro
192 1037 312 1105 quodanr
322 1043 350 1087 et
360 1036 481 1086 minrinre
491 1035 600 1102 vulgari
609 1035 691 1088 modo
702 1035 763 1098 tibi,
776 1049 857 1103 quem
866 1035 906 1086 ni·

108 1107 150 1160 hil
159 1105 328 1166 obsoletum,
342 1101 413 1154 nihil
421 1102 536 1168 wlgnre
548 1102 681 1162 delectet,
696 1101 801 1169 gratias
812 1115 906 1172 agere,

109 1173 184 1243 quod
198 1171 263 1224 talis
282 1176 430 1236 tantusque
447 1168 501 1230 vir,
522 1169 632 1218 omissis
651 1169 785 1236 negotiis,
806 1168 906 1236 quibus

107 1239 220 1294 assidue
235 1237 390 1298 distineris,
410 1234 525 1286 honoris
538 1233 594 1284 mei
609 1249 708 1285 caussa
721 1233 817 1298 hodie,
837 1234 906 1285 mul·

107 1315 167 1359 tum
178 1306 343 1370 deprecante
354 1317 406 1364 rne,
421 1315 455 1352 ne
466 1301 495 1352 id
505 1299 627 1362 iaceres,
640 1297 694 1351 huc
707 1305 800 1352 tamen
810 1301 906 1352 uenire

108 1371 241 1426 volueris.
269 1367 325 1420 Sed
335 1384 395 1420 eum
406 1368 525 1418 animum
538 1369 568 1418 in
578 1380 673 1417 omncs
684 1373 777 1434 partes
786 1367 905 1427 versavi,

108 1438 188 1500 nihii,
200 1435 274 1504 quod
283 1441 311 1486 te
321 1435 434 1502 dignum
444 1435 489 1497 sit,
500 1433 662 1502 excogitare
671 1446 794 1500 possum.
818 1435 906 1484 Tace·

107 1507 146 1558 bo
157 1506 255 1572 igitur,
269 1509 298 1553 et
307 1499 360 1552 hoc
374 1507 434 1552 toto
449 1514 551 1567 genere
565 1500 717 1568 gratiarnm
729 1500 848 1550 actionis
861 1515 906 1550 su-

108 1570 274 1642 persedebo.
308 1567 370 1620 Nisi
385 1566 458 1618 forte
472 1565 526 1618 hoc
544 1567 634 1634 ipsum
653 1581 754 1617 novum
767 1565 908 1633 quoddam

108 1639 215 1707 gratias
226 1635 325 1702 agendi
355 1649 422 1685 enus
436 1638 491 1694 est,
507 1648 568 1685 curn
577 1634 616 1697 is,
630 1633 679 1700 qui
687 1632 852 1686 beneficium
861 1647 906 1684 uc·

109 1707 193 1773 cepit,
202 1704 326 1770 magnitu
348 1703 418 1752 'nem
428 1699 503 1752 illius
513 1699 606 1754 verbis
619 1713 677 1754 use
691 1701 841 1770 coaequari
850 1713 906 1754 non

108 1787 192 1844 posse
205 1769 350 1831 confitens,
364 1768 536 1822 conticescit

412 1909 607 1929 -Q

185 2045 476 2104 Rururrrunus
493 2043 643 2098 LIBROS
664 2041 831 2100 ARISTO-

300 2113 425 2170 TELIS
443 2113 496 2167 DE
514 2109 709 2168 molimus,

108 2217 577 2307 osnrro
685 2213 907 2290 xvrr.

199 2364 307 2405 HABITA
325 2359 423 2401 ROUAE
441 2359 545 2400 eninm
562 2359 630 2400 nort.
664 2359 815 2402 mma.

288 2449 309 2488 H
342 2447 363 2486 D
397 2445 416 2484 t.
450 2445 471 2483 Χ
504 2443 525 2482 X
558 2443 579 2483 Χ
613 2445 625 2484 1
658 2443 671 2486 Ι
704 2445 726 2484 1.

156 2535 294 2622 Prinnn
304 2565 415 2636 quidem
423 2563 514 2618 Deum
523 2565 708 2620 immortalem
717 2575 844 2626 veneror,
858 2575 906 2615 un·

102 2632 224 2727 'ditores
237 2643 277 2702 ut,
291 2633 376 2690 sitos
387 2632 488 2704 vigniti
496 2645 596 2701 nunes,
609 2633 709 2704 quibus
723 2629 788 2684 huic
798 2627 907 2685 muneri
