2150 3012
365 139 618 208 oannroxru.
841 143 891 198 ua

97 267 132 303 no
142 247 227 300 studii
238 245 373 307 collocet,
408 243 454 294 uid
472 259 522 295 nos
535 242 629 294 iacere
644 245 767 308 oportet,
783 241 892 310 quitto·
938 235 942 240 ’

97 331 159 369 mae
169 316 300 375 vivimus,
312 313 384 378 quie
419 325 517 362 omano
529 309 609 361 coelo
621 310 747 375 spiritum
759 309 892 372 ducimus,

98 381 231 451 quipust
250 385 293 429 tot
311 383 439 444 acceptas
458 375 565 437 clades,
585 381 630 427 tot
648 374 832 438 calamitates,
849 383 894 428 tot

99 457 158 502 stra
179 463 221 508 es,
238 460 254 496 a
267 441 465 495 bacchantibus
480 443 618 502 barbaris,
633 448 665 492 ut
680 442 892 509 apstulantibus

99 530 189 567 servis
203 513 302 564 viduae
318 517 346 560 et
360 509 462 560 effetae
476 509 530 559 iam
548 509 676 560 dominae
685 509 891 571 insultantibus,

100 581 203 640 editas,
222 585 278 629 tam
291 577 376 627 inulta
390 583 481 626 tomen
499 575 576 626 illius
594 576 724 641 antiquae
737 576 847 628 intutis
859 591 892 628 ao
945 622 949 630 x

100 646 254 699 maiestatis
268 645 444 705 monumenta
462 642 587 708 quotidie
604 639 756 692 intuemuri
776 642 893 694 Ancum
962 695 973 707 ,
1021 691 1027 698 ,

101 721 156 764 tam
165 711 267 763 multos
277 711 439 774 ingeniosos
454 714 482 758 et
496 708 620 758 eruditos
631 705 756 759 lromines
765 708 794 758 in
804 721 893 760 renno-

99 779 215 830 tissimis
226 775 353 843 gentibus
367 781 448 825 natos
460 781 516 824 tam
526 774 677 840 longinqua
691 775 791 825 itinera
806 777 892 826 susti·

100 859 176 914 pete,
186 850 279 894 tantos
289 845 412 908 sumptus
421 839 528 902 facete,
542 847 597 890 tanr
607 840 700 891 multis
711 855 740 891 se
751 839 893 895 laboribus

100 927 133 962 ac
143 909 276 978 paniculis
286 921 424 974 exponere
434 906 589 968 videamus,
604 912 635 956 ut
645 907 758 958 Romam
771 909 892 970 rideant,
946 905 948 914 “

119 975 175 1028 uod
188 978 229 1027 ita
242 973 366 1024 iudicant
379 987 409 1024 se
424 973 521 1024 melius
535 987 567 1023 ao
581 971 733 1039 perfectius
748 972 893 1026 historiam

102 995 252 1095 lomanam
264 1035 469 1102 intellecturos,
486 1041 510 1090 si
523 1039 612 1106 ipsum
625 1041 702 1092 urbis
717 1041 814 1104 situm,
832 1043 894 1110 ipsa

1 1151 2 1158 ,
102 1105 220 1170 moenia,
232 1109 307 1173 ipsas
318 1112 443 1157 veterum
453 1119 574 1167 arcuum,
580 1112 766 1171 tropaeorum,
777 1109 896 1175 templo·

102 1189 160 1226 rum
172 1169 413 1241 quamvis'laoeras
429 1177 457 1223 et
471 1171 602 1224 disiectas
616 1172 761 1238 reliquias,
774 1171 839 1226 illos
850 1181 895 1226 tot

103 1235 168 1294 ollnr
183 1240 344 1292 nobilitatos
359 1239 485 1290 victoriis
501 1237 588 1289 colles
602 1239 734 1290 uiderintt
754 1255 817 1302 nos,
835 1241 893 1308 qui-

1 1344 8 1352 .
101 1307 153 1360 bus
164 1307 262 1358 otiosis
273 1304 342 1356 haec
356 1295 448 1356 omnia
460 1305 489 1356 in
506 1303 602 1355 oculos
619 1305 729 1356 assidue
742 1305 894 1372 incurrunt,

5 1433 9 1438 ,
101 1389 193 1425 rerum
210 1373 393 1424 Romanarum
408 1371 596 1438 cognitionem
610 1370 801 1437 negligemusi
822 1373 893 1434 Qua·

40 1495 42 1500 ,
101 1455 160 1492 rum
171 1450 259 1506 perse
271 1443 347 1488 tanta
374 1437 514 1488 institutio
530 1443 585 1499 est,
601 1443 632 1488 ut
644 1437 739 1499 ofiani,
756 1438 780 1488 si
792 1439 894 1504 scripta
993 1443 997 1448 '

102 1513 197 1558 essent
211 1503 324 1556 horrido
342 1452 435 1570 aliquo
456 1509 484 1554 et
501 1503 606 1554 inculto
627 1504 762 1554 motionis
780 1512 891 1571 genere,

101 1579 198 1640 suapte
207 1577 299 1622 tamen
309 1571 337 1620 vi
354 1568 492 1622 hominum
507 1569 599 1621 studia
611 1571 780 1633 excitarent3
795 1577 892 1622 naatas

100 1646 192 1692 autem
200 1636 571 1702 sunteiusmodiscriptores‚
580 1637 626 1704 qui
637 1649 824 1718 quameunque
839 1636 891 1688 tibi

100 1703 239 1759 scribendi
254 1705 398 1756 materiam
417 1704 610 1768 sumpsissent,
630 1703 786 1770 dignissimi
801 1709 891 1756 minen

99 1773 194 1826 studio
203 1773 414 1839 propteripsum
425 1769 563 1820 scribendi
573 1785 659 1837 genus
669 1769 797 1822 luissent.
829 1767 892 1822 Nan

101 1841 173 1894 enim
187 1845 281 1905 potest
300 1837 442 1904 quisquam
457 1835 563 1897 dicere,
582 1837 611 1886 in
629 1838 780 1902 scriptores
799 1849 891 1888 rerum

99 1903 283 1968 Romanarum
297 1905 420 1965 intuens,
436 1917 484 1954 our
498 1901 567 1952 haee
580 1909 657 1954 tanta
669 1904 782 1971 ingenia
791 1917 821 1955 se
832 1903 890 1970 dig-

98 1974 161 2035 nius
175 1969 288 2038 aliquod
301 1969 442 2022 scribendi
452 1976 642 2036 argumentum
661 1983 716 2020 non
731 1969 890 2038 elegerant?

55 2039 57 2048 ‘
99 2051 189 2106 neque
198 2051 294 2088 rursus
306 2036 388 2096 illud,
406 2049 455 2087 cur
470 2049 516 2086 res
528 2041 584 2085 tani
599 2036 690 2087 clarae
703 2042 813 2103 tamquo
827 2035 889 2086 illu·

99 2111 171 2158 stres
182 2105 274 2155 nonin
285 2102 392 2169 aliquos
403 2102 592 2170 magnitudine
603 2117 653 2154 sua
663 2101 763 2170 dignos
773 2097 888 2169 scripto·

10 2211 13 2220 .
98 2169 324 2224 resinoiderunti
342 2167 382 2219 lta
396 2183 487 2220 rernm
498 2167 659 2236 magnitudo
670 2170 840 2250 praestantia
849 2171 890 2219 in·

98 2239 182 2306 genia
191 2237 329 2298 evocavit3
350 2236 512 2302 scriptorum
525 2240 696 2300 praestantis
708 2247 801 2288 rerum
814 2248 889 2312 mag·

97 2303 251 2358 titudinem
271 2303 443 2370 adaequavit.
479 2302 551 2362 Quid
571 2302 656 2363 enim,
681 2307 713 2353 ut
731 2306 841 2353 eeteros
859 2314 892 2349 m·

98 2385 230 2438 praesens
247 2369 383 2429 omittam,
402 2372 478 2436 ipsos
494 2367 583 2419 mods·
591 2367 729 2434 principes
743 2367 889 2428 nominem,

98 2443 147 2488 aut
157 2437 290 2489 Sallustio
304 2437 414 2502 granius
428 2448 461 2484 ao
473 2435 630 2494 nervosius,
649 2441 698 2486 aut
711 2433 793 2486 Livio
810 2445 903 2500 gaam.

98 2503 160 2555 dius
171 2508 199 2554 et
208 2502 334 2563 uberius,
349 2507 397 2552 aut
406 2501 505 2552 Tacito
518 2501 654 2566 pressius,
669 2489 843 2574 psallentius,
858 2498 889 2548 li·

96 2571 212 2632 matius,
226 2569 302 2620 omni
310 2582 346 2620 ex
354 2574 432 2633 parte
442 2565 593 2631 perfectius
603 2566 663 2616 fleri
677 2567 786 2646 potestl
805 2564 888 2615 Cuius

97 2637 212 2753 anssqam
225 2632 427 2751 quorgamll'roo
445 2645 530 2695 anno,
548 2633 621 2699 quod
634 2631 710 2750 lile'us
722 2630 842 2684 lausum
855 2643 890 2680 as

167 2715 266 2753 usar.
315 2715 343 2750 a.
388 2735 395 2749 .
