2150 3012
203 149 237 202 86
503 146 653 200 ΟΒΛἹΊΟ
672 147 706 202 K

203 257 291 313 cunt,
302 250 342 302 sie
353 255 381 300 et
390 263 443 318 ego
454 247 489 300 ad
497 248 563 300 illos
574 261 669 300 saeros
680 253 709 299 et
718 247 802 315 vulgo
811 250 925 316 ignotos
934 248 996 311 len-

201 325 257 378 tes,
269 319 308 368 'ex
317 317 416 384 quibus
432 315 520 367 omnis
535 315 675 382 elegantia
686 316 829 383 omnisque
839 315 997 381 humanitas

199 387 230 436 in
239 385 323 436 vitam
333 383 472 434 hominum
481 381 569 444 fluxit,
579 380 702 432 molliter
712 384 891 449 compositus,
899 397 934 434 ex
942 383 997 436 illo

201 451 339 502 anrbrosio
352 454 477 500 veterum
485 452 629 514 poetarum
641 455 725 498 cantu
736 448 926 499 incredibilem
929 451 995 510 ani·

199 518 238 568 nsi
248 515 418 582 voluptatem
428 512 596 565 hauriebam.
633 515 667 565 Ut
677 515 721 564 illi
730 522 830 566 venun
838 516 996 581 aucupiove

199 584 300 634 intenti
309 581 426 648 praedas
437 586 534 647 agunt,
548 580 646 646 quibus
655 595 776 644 mensam
786 582 996 634 instructiorem

199 649 317 710 iaciant,
331 648 371 698 sic
386 653 415 698 et
428 661 481 762 cio
492 647 590 713 quibus
600 652 718 697 mentem
728 649 906 709 instruerem,
922 663 994 699 esa-

198 715 434 782 pientissimorum
471 714 590 764 ominum
605 715 788 764 monumentis
803 713 929 779 quotidie
945 729 994 765 au-

199 780 328 847 cupabor.
364 779 491 831 Ostudia
500 784 604 839 nostra,
616 778 767 840 auditores,
779 795 834 829 non
845 778 925 830 utilia
934 786 993 831 tari·

197 855 257 898 turn
267 861 299 896 ac
308 845 464 907 fructuosa,
478 846 528 896 sed
538 845 631 896 dulcia
640 846 724 895 atlans
734 860 767 895 ac
776 846 908 896 delicata!
926 846 994 898 Per·

199 926 292 964 sarum
301 926 395 978 reges,
410 913 457 979 qui
470 919 500 962 ut
510 911 607 978 opibus
621 926 654 961 ae
664 912 768 968 divitiis
779 910 938 974 affluebant,
951 913 995 964 ita

198 980 266 1033 luxu
280 993 313 1029 ae
323 979 431 1031 deliciis
442 976 615 1040 diffluebant,
628 977 778 1044 voluptatis
793 993 892 1028 caussa
903 980 943 1029 ita
952 979 993 1030 di·

199 1045 330 1096 videbant
339 1059 451 1106 annum,
468 1050 499 1094 ut
508 1041 635 1110 hyemem
643 1045 788 1110 Babylone
798 1042 843 1094 vel
852 1043 945 1108 Susis,
963 1047 994 1096 in
1057 1105 1058 1108 Ἴ

198 1110 295 1164 Media
319 1115 456 1162 aestatem
483 1116 606 1177 agerent.
647 1110 750 1171 Quidni
777 1110 869 1162 studia
895 1117 995 1163 nosco
1057 1123 1058 1170 ξ

200 1177 315 1229 eandem
329 1177 409 1229 nobis
424 1177 541 1230 honeste
554 1176 712 1228 luxuriandi
725 1176 884 1228 facultatem
898 1191 931 1228 ac
946 1192 994 1228 co·
1033 1217 1035 1221 f
1057 1185 1058 1200 ¹

198 1245 273 1311 plant
282 1243 448 1310 praebeantl
473 1242 519 1294 Ex
529 1259 585 1294 meo
591 1241 742 1310 propinquo
753 1259 829 1305 rure,
839 1243 880 1294 ait
889 1245 993 1296 'l'eren-

198 1312 291 1364 nanus
301 1309 409 1362 Laches
415 1311 481 1376 w),
500 1309 551 1362 doe
561 1309 637 1376 capio
648 1309 792 1360 commodis

218 1407 310 1490 Neque
321 1410 387 1490 egri
399 1425 481 1488 neque
489 1408 561 1488 ordis
572 1408 660 1461 odium
670 1425 710 1462 me
719 1423 835 1477 unquam
839 1407 964 1480 percipit.

195 1542 199 1550 Ι
220 1476 363 1536 Udasoetsus
373 1476 540 1546 coepatficrs,
551 1485 682 1537 commuto
693 1477 786 1529 lorum.
900 1497 902 1504 ,

198 1587 275 1640 ldeui
288 1589 318 1640 ln
332 1588 431 1640 stodiis
445 1587 521 1640 lieet.
555 1587 642 1642 Gravi
658 1581 687 1639 et
702 1601 799 1639 severa
812 1584 993 1659 philosopho·

107 1675 125 1688 ··
198 1669 259 1705 rum
277 1655 398 1706 lectione
412 1654 539 1707 defessus
553 1658 659 1706 animus
675 1654 734 1704 esti
760 1653 937 1706 Poetieorunr
950 1655 992 1705 lu·

198 1736 288 1784 suum,
298 1723 422 1775 involuta
430 1721 541 1773 fabellis
552 1728 580 1771 et
590 1720 702 1771 condita
713 1720 837 1770 omnibus
849 1721 993 1788 leporibus
1057 1769 1058 1786 ,

198 1787 352 1854 sapientiae
367 1794 516 1854 praecepta
532 1785 742 1846 continentium,
757 1789 928 1840 ,amoenitate
947 1802 993 1839 re·
1057 1789 1058 1822 ³

199 1861 317 1906 creetur.
340 1854 463 1906 solidius
473 1851 584 1918 aliquod
596 1859 624 1901 et
633 1853 709 1902 succi
718 1851 825 1916 plerdus
837 1855 992 1920 sibigenus

196 1920 334 1988 requisiti
355 1921 397 1970 Ex
405 1920 455 1970 illo
467 1918 660 1984 copiosissimo
671 1933 705 1968 ac
715 1918 934 1983 locupletissimo
943 1933 993 1970 re·

194 1994 287 2039 terunt
301 1992 442 2038 oratorum
452 1997 555 2049 penore
570 1983 661 2034 omnia
672 1985 880 2051 nonpascendis
895 1985 991 2048 niodo,
1014 1988 1026 2004 ¹

197 2053 340 2106 sedetiam
352 2050 511 2116 raginondin
522 2049 619 2098 animis
634 2056 698 2115 apta
708 2052 860 2116 depromat.
893 2049 992 2116 lngur.

196 2121 268 2186 gitet
277 2133 307 2170 se
317 2119 346 2167 in
356 2115 500 2166 historiam
510 2120 644 2176 veterem3
663 2130 771 2168 omnem
780 2114 932 2177 superioris
944 2131 992 2168 ae.

196 2187 223 2235 ri
232 2183 391 2236 mensorium
401 2187 492 2231 niente
503 2195 535 2231 ac
545 2181 715 2246 cogitatione
725 2178 885 2248 perlustret3
899 2177 993 2232 indul.

195 2257 261 2318 grat
276 2247 410 2299 arbitratu
423 2262 473 2297 suo
487 2247 531 2296 illi
543 2247 691 2312 voluptati,
706 2259 776 2312 quae
785 2242 894 2294 infinita
906 2248 935 2294 et
947 2239 991 2300 in.

194 2313 331 2366 satiabilis
342 2325 377 2364 ex
387 2313 560 2379 antiquitatis
571 2313 730 2380 cognitione
741 2308 898 2378 percipitur.
915 2311 990 2365 Alia.

195 2393 254 2430 suan
263 2379 434 2444 voluptatum
445 2378 586 2433 habendus
598 2379 696 2432 nrodus
712 2386 767 2441 est,
783 2375 848 2430 huic
858 2377 937 2430 liniis
947 2381 989 2433 in.

194 2445 304 2513 dulgeri
312 2461 367 2496 non
376 2453 478 2511 potest.

227 2515 315 2583 Atque
326 2514 467 2592 equidem,
480 2515 634 2582 auditores,
647 2511 920 2587 quonlanhumanus
930 2517 989 2569 ani·

220 2655 240 2709 ¹)
254 2653 378 2719 listul'd.
389 2668 424 2716 pr.
470 2668 477 2682 ⁸
