2140 3010
184 163 235 218 aar
434 113 737 238 ranurnrrorx.

184 239 294 335 quaudo
310 263 344 318 de
358 265 479 332 quatuor
492 261 638 314 ciceronis
648 262 677 313 in
691 257 838 342 Catilinam
855 263 991 320 orationi·

183 335 235 387 bus
246 335 315 388 duas
328 330 507 399 interpretati
517 345 625 393 sumus,
642 329 704 396 pari
714 326 783 382 duas
792 330 918 398 reliquas
933 341 992 386 stu·

184 403 450 472 diopcrsequemur.
972 413 975 420 ·

477 519 684 540 nnn—u

553 619 621 685 1x.
672 675 676 684 ,

129 787 137 810 ,
233 745 236 751 ·
343 741 384 794 nr.
404 735 622 794 unronros-
635 735 830 792 morenos

562 837 611 882 AD
682 859 687 862 ·
834 871 839 874 .

217 927 392 985 eumaem
411 926 671 984 asennaeum
687 887 953 983 mecanicum.

184 1110 349 1153 sacraturo
360 1112 416 1156 aar
427 1089 631 1154 counananair
642 1113 673 1150 ιιι
686 1109 895 1152 acarnaniam
907 1111 988 1152 erca-

459 1179 549 1220 aonro
567 1177 703 1223 nonanus

533 1271 640 1287 Μ

221 1299 264 1418 Si
273 1335 407 1416 praemiis
416 1338 536 1412 tautum,
550 1331 796 1412 ltloeenioe,etiis
805 1332 989 1414 praemiis,iu
1049 1309 1056 1328 ⁴

186 1401 286 1471 quibus
296 1415 473 1520 precursorem
484 1399 630 1452 felicitatis
640 1406 748 1467 partem
757 1401 881 1468 vulgans
891 1412 988 1466 upmro
1044 1443 1054 1461 ,

186 1471 345 1532 constituit,
368 1483 385 1520 a
421 1468 494 1521 bene
512 1466 674 1532 merendum
694 1466 731 1518 de
748 1465 868 1518 humano
905 1479 990 1518 cnere

183 1539 341 1606 praestanti
351 1534 478 1588 homines
488 1534 603 1602 iugenio
615 1534 830 1596 adducerentur,
837 1481 951 1594 toufles,
960 1539 992 1584 ut

184 1598 987 1670 opinor,etcerte,obinstitutovirtutisitinereanimadver-

184 1682 218 1720 sa
230 1668 403 1735 superiorum
414 1674 536 1720 aetatum
546 1665 674 1734 exempla
683 1671 857 1720 revocarent
879 1663 950 1717 Nam
962 1663 988 1716 si

105 1775 108 1782 ,
184 1735 320 1802 replicare
331 1737 492 1788 memoriam
502 1732 880 1802 temporrnuetantiquitatis
889 1745 987 1784 meua·

181 1805 276 1854 menta
292 1805 424 1852 excutere
442 1799 573 1863 velimus,
592 1799 845 1868 deprehendemus,
865 1817 988 1868 unaqua-

182 1879 237 1932 que
252 1867 282 1917 in
293 1867 439 1934 republica
455 1881 505 1918 eos
520 1865 596 1930 fere,
615 1881 733 1935 quorum
748 1868 867 1935 plurima
879 1870 909 1919 in
925 1883 988 1920 eam

182 1934 332 1984 exstabant
343 1935 519 2000 maximaque
531 1933 686 1997 beneficia,
703 1935 779 1986 ononi
791 1935 899 1985 scelere
914 1935 987 1988 laee-

180 2003 272 2061 ratoa,
292 2000 368 2050 omni
382 2000 549 2052 erudelitate
567 2015 600 2053 ra
619 2007 710 2060 tatos,
728 2001 804 2049 omui
822 1999 986 2054 acerbitatis
1045 2008 1052 2031 ³

166 2077 286 2132 penem
300 2066 447 2117 divexatos
460 2065 559 2119 fuisse.
588 2015 677 2126 'good
690 2063 814 2131 quarraria
832 2063 874 2114 itu
888 2069 985 2136 exple.

179 2135 272 2182 ratum
288 2137 333 2182 est
349 2137 379 2182 et
390 2131 444 2183 tibi
458 2139 487 2182 et
500 2133 536 2182 iis
549 2129 688 2192 omnihus,
705 2129 753 2195 qui
763 2143 866 2196 operae
877 2131 986 2203 aliquid

178 2199 209 2250 ln
225 2197 399 2278 antiquitatis
414 2199 577 2266 cognitione
594 2202 758 2265 posuerunt,
777 2197 825 2250 vix
839 2205 872 2251 ut
884 2203 985 2254 eonllr·

178 2264 312 2316 matioms
322 2263 459 2332 indigeat,
473 2270 576 2328 tamen,
591 2270 632 2326 ut,
646 2265 671 2316 si
681 2277 737 2332 qua
745 2273 925 2332 easepotest,
937 2267 985 2322 du·

178 2330 281 2385 bitatio
292 2333 438 2396 eximatur,
449 2331 566 2400 aliquot,
585 2329 732 2401 quaemihi
743 2347 816 2384 nune
826 2335 985 2388 inurentem

178 2401 303 2463 ueniunt,
314 2399 437 2454 illustria
447 2401 507 2452 eius
516 2400 560 2452 rai
570 2399 698 2468 exempla
707 2400 862 2453 subiiciarn.
876 2403 984 2454 Primae

180 2475 274 2521 autem
293 2469 323 2522 in
341 2466 394 2521 hac
411 2468 586 2537 cogitatione
607 2474 759 2522 occurrunt
775 2467 843 2520 illae
859 2471 985 2522 omnium

178 2534 380 2590 laudandorum
397 2539 497 2590 artium
509 2537 655 2606 ipsiusque
665 2537 738 2590 adeo
749 2535 927 2588 humanitatis
938 2551 985 2603 pa·
1047 2572 1050 2582 .

178 2610 275 2658 rentes
287 2603 425 2670 Athenae3
444 2617 526 2672 quam
545 2607 658 2674 optimis
673 2605 773 2658 studiis
789 2603 922 2665 deditam,
940 2615 984 2654 re·
1044 2644 1048 2655 ,

178 2668 281 2728 tertam
290 2673 404 2726 assidue
415 2679 512 2743 atque,
530 2681 563 2729 ut
572 2677 613 2730 ita
622 2673 756 2739 dixerim,
773 2669 878 2725 foetam
893 2669 983 2722 erudi·
1035 2662 1048 2705 t
