2150 3012
101 79 104 84 ’
175 102 247 165 ror'
453 105 608 159 onnrro
626 105 695 160 xrr.

213 237 510 294 reenassunus
530 237 925 298 snrrnnnrrnnrmu
966 199 970 210 ’
1060 285 1061 288 ι

349 323 542 376 nncrnnnu
559 325 792 392 ruvnnnnrs.

98 387 205 504 ‘o
270 425 500 504 aar
562 430 674 502 10
809 427 968 504 x11.
1061 457 1062 508 ι

375 571 505 612 uterne
532 573 646 611 noune
675 573 763 612 nuno

458 656 707 718 uonxxn·
867 629 870 636 ’

208 726 290 812 Cum
303 759 494 812 constituerim
509 760 652 812 vobiscum
669 776 725 812 una
740 760 869 812 evolvere
886 766 971 830 etque

175 834 306 881 excutere
326 827 426 878 librum
442 827 565 878 Senecae
586 827 620 878 de
640 828 828 894 providentia,
848 829 973 881 iudicari

175 895 301 948 omnibus
313 894 392 946 nobie
404 895 576 946 comniodum
587 894 657 957 fore,
669 895 691 946 si
703 896 726 946 ie
737 895 808 945 liber
818 909 943 947 aerrrsum
954 912 973 948 a

175 963 276 1013 ceteris
289 959 412 1013 Senecae
428 961 558 1027 operibus
570 976 633 1013 mea
647 975 732 1028 opera
747 962 908 1015 enrendatue
923 979 972 1014 ex·

114 1087 116 1100 ,
175 1028 331 1080 cuderetur.
365 1028 562 1093 desperabam
577 1029 605 1078 id
618 1027 693 1092 fore,
711 1035 857 1095 antequam
871 1029 907 1080 ed
919 1026 971 1081 hae

174 1093 243 1146 mihi
255 1093 478 1157 iucundissimae,
488 1095 578 1157 vobis,
590 1103 621 1145 ut
631 1099 730 1148 merito
742 1095 970 1163 spernendam,

144 1173 230 1212 'non
243 1163 377 1213 molestae
392 1163 607 1213 exercitationes
621 1163 781 1214 rediremus.
818 1162 873 1213 Sed
888 1162 972 1214 aliter
1019 1191 1022 1196 ·

176 1230 286 1281 cecidit.
313 1228 423 1282 Interea
432 1229 526 1296 igitur,
535 1229 597 1279 dum
608 1229 657 1280 ille
667 1225 847 1298 pulcerrimua
858 1229 970 1281 libellus

175 1309 193 1346 a
202 1295 323 1348 librariis
333 1296 513 1358 describitur,
523 1296 616 1363 delegi
628 1296 881 1348 decimamtertiam
891 1296 969 1346 lure·

174 1363 246 1414 nelis
260 1363 401 1432 Satyrum,
421 1365 449 1414 in
463 1378 517 1430 qua
531 1362 585 1413 hnc
600 1365 720 1415 triduum
736 1377 969 1415 consumeremus·

174 1430 211 1481 Et
228 1432 349 1483 iucunda
369 1437 460 1482 autern
480 1435 509 1481 et
526 1430 603 1482 utilis
616 1431 692 1482 illius
706 1430 858 1494 evolutio*)
877 1430 971 1482 lutura

175 1504 227 1550 est.
263 1498 394 1550 Continet
408 1499 480 1548 enirn
493 1498 592 1570 multas
607 1513 706 1566 graves
722 1505 751 1550 et
762 1498 845 1549 utilee
861 1502 971 1548 renten·
1064 1527 1066 1566 3

175 1565 239 1627 tias,
252 1566 364 1632 optimis
375 1565 468 1616 verbis
479 1570 508 1615 et
519 1580 622 1632 genere
634 1566 752 1633 quodam
763 1564 874 1616 dicendi
883 1563 970 1627 salso,

174 1629 287 1695 festivo,
298 1631 380 1683 hilari
391 1639 427 1696 et,
438 1639 469 1683 ut
479 1632 518 1682 ita
528 1632 626 1696 dicuni,
636 1632 739 1694 vivido,
748 1633 822 1698 quod
833 1630 895 1683 huie
904 1633 970 1697 pod-
1064 1693 1066 1704 ⁴

175 1704 220 1749 tae
230 1700 372 1765 proprium
386 1715 418 1750 ae
432 1705 593 1817 ferpetuum
607 1706 661 1760 est,
676 1699 837 1764 explicatae.
871 1698 970 1763 Neque

175 1763 243 1816 milri
254 1766 397 1834 quiequam
410 1768 430 1818 il
444 1767 479 1818 ud
495 1765 642 1827 obiecerit,
657 1765 759 1815 multoe
774 1779 835 1816 esee
849 1779 884 1817 ex
894 1764 970 1816 Lati·

64 1889 69 1902 ¹
142 1881 144 1885 ,
176 1833 219 1882 nie
230 1834 361 1884 Iuvenale
371 1835 501 1884 meliores
512 1836 620 1897 poetas.
649 1829 711 1880 Non
722 1833 869 1884 contendo.
893 1831 970 1893 Scio,

175 1899 291 1952 multum
303 1901 439 1952 interesse
450 1897 686 1950 interluvenalem
696 1905 725 1948 et
734 1897 889 1966 Virgilium.
914 1897 971 1950 Sed

175 1969 223 2034 qui
233 1968 321 2019 eolurn
331 1966 479 2034 Virgilium
488 1965 603 2030 legerit,
613 1970 691 2015 tanto
702 1972 844 2032 praestare
854 1979 919 2016 eum
927 1979 971 2016 ce·

162 2035 243 2100 ‚teria
254 2035 367 2086 credere
378 2033 493 2098 poterit,
509 2030 581 2081 seire
593 2045 647 2082 non
658 2033 774 2096 poterit:
786 2038 815 2082 ut
825 2032 859 2082 ad
869 2032 970 2082 certio·

119 2145 124 2154 .
174 2103 334 2169 remipsius
348 2098 462 2164 Virgilii
481 2089 598 2164 gibriani
617 2097 770 2163 pertineat,
794 2099 877 2146 etiam
897 2096 970 2147 alioe
1029 2113 1032 2121 ·

174 2169 241 2236 legi.
275 2165 384 2217 Deinde
395 2177 450 2214 non
463 2161 595 2215 continuo
607 2165 669 2216 cole
678 2161 885 2229 cognoscenda,
916 2172 970 2212 nee

105 2267 109 2278 ι
175 2235 286 2302 optima.
311 2227 420 2295 Alioqui
432 2244 486 2280 non
494 2235 600 2282 tantum
611 2246 626 2282 e
636 2231 728 2297 poetis
739 2229 815 2280 eolus
823 2226 903 2294 Virgi
919 2225 970 2291 Ιιιιι,

175 2295 377 2352 exoratoribus
389 2296 465 2348 solus
477 2296 589 2360 Cicero,
605 2299 655 2349 aed
665 2297 753 2365 ipsius
767 2293 876 2361 Virgilii
885 2307 970 2346 unum

175 2363 288 2429 aliquod
297 2365 409 2428 poema,
426 2363 570 2416 ciceronio
580 2381 636 2416 una
645 2365 739 2430 aliqua
749 2363 840 2414 oratio
849 2359 970 2479 leglendu

174 2431 236 2481 erit.
269 2431 350 2481 certe
361 2433 433 2482 enim
443 2438 472 2483 et
481 2433 595 2500 aliquod
606 2431 718 2500 Virgilii
728 2433 828 2498 poema
837 2436 867 2482 et
875 2445 892 2480 a
905 2429 970 2494 iqua

174 2497 318 2550 Ciceronis
335 2500 425 2552 oratio
438 2501 591 2568 principem
607 2501 700 2554 locum
714 2505 800 2556 tenet.
833 2499 868 2552 At
886 2510 968 2552 nemo

200 2621 221 2680 ¹)
237 2622 273 2668 ci.
282 2621 330 2668 cie.
340 2619 368 2668 de
377 2621 431 2668 rin.
440 2619 460 2668 Ι.
470 2625 490 2668 t.
505 2624 602 2672 ercutio
608 2626 741 2686 parem

1059 631 1062 668 l
