2120 3018
183 185 218 236 54
477 183 628 238 oleario
646 186 715 239 vi.-

184 277 348 338 stantissimi
371 292 400 338 et
421 285 621 352 sapientissimi
652 283 831 352 Imperatoris
861 290 984 360 vestigia

183 366 389 420 persequamur.
424 352 481 404 Sed
499 351 569 402 nihil
585 358 641 414 est,
654 352 736 468 ⁴{ruod
754 356 844 422 magis
862 357 982 411 invitare

182 425 264 486 atque
293 419 406 470 allicere
433 433 485 469 nos
513 419 615 471 debeat
637 431 654 468 a
693 428 851 472 accuratam
882 421 982 476 horona

181 485 315 536 librorum
325 485 483 546 lectionem,
494 499 575 553 quarn
585 499 631 536 res
641 485 732 551 ipsae,
744 487 778 538 de
790 487 891 553 quibus
899 491 928 540 in
939 491 982 542 eis

182 551 346 618 disputator.
382 551 533 602 Continent
545 552 616 602 eninr
634 555 783 618 praecepta
797 553 921 617 virtutis,
932 556 981 608 do·

182 624 261 678 eent,
285 617 423 683 quomodo
446 617 633 684 unusquisque
656 617 685 667 in
705 620 780 668 omni
822 627 881 670 arte
904 622 980 674 vitas

182 697 280 751 gerere
301 697 331 734 se
351 682 464 744 debeat,
483 683 549 749 qaid
562 697 704 750 equoque
722 690 788 750 post
818 693 893 749 etur,
913 689 980 754 quid

180 762 317 817 quemque
328 748 437 807 deerat,
452 749 517 815 quid
527 750 633 815 patriae
644 751 836 815 praestandum
846 754 896 815 sit,
911 754 979 820 quid

25 851 34 861 .
88 822 97 828 ·
180 816 354 881 parentibus,
365 816 431 881 quid
443 815 602 880 propinquis
616 818 772 880 ueterisque
785 818 896 880 amieis,
911 822 979 888 quid

181 883 311 999 unigerso
339 879 479 932 hominurn
507 881 616 949 generi,
642 895 677 934 ea
703 882 833 952 denique,
861 900 979 952 quorum

182 955 227 1000 sta
248 949 302 999 iuni

249 1047 340 1115 Aeque
344 1047 506 1116 paupertim
512 1048 630 1116 prodest,
640 1047 810 1118 locupletibus
819 1064 909 1117 aeque,

249 1113 339 1186 Aeque
348 1113 495 1183 mglretum
496 1115 591 1186 pueris
601 1115 756 1184 senibusque
766 1116 909 1182 nocebil*).

17 1185 22 1196 Ι
74 1203 82 1216 ‘
111 1195 151 1256 μ’
182 1211 313 1268 Socrates
332 1215 456 1284 quidem,
480 1217 527 1284 qui
545 1216 574 1267 in
592 1214 635 1267 his
654 1215 798 1266 ettalibns
812 1219 1002 1285 quaerendis

182 1281 304 1333 studium
317 1297 397 1334 enine
412 1289 619 1346 consumerent,
638 1295 690 1334 eos
703 1296 800 1349 sapere
815 1300 885 1335 unos
918 1300 977 1337 rae-

183 1349 307 1413 dicabat3
328 1350 387 1417 qui,
403 1347 879 1417 hisnegleetis,'denaturamundi,
909 1366 977 1404 ere·
1049 1369 1057 1410 i

182 1415 234 1467 bus
248 1419 369 1532 superis,
383 1415 418 1467 de
436 1418 542 1468 caussis
557 1423 712 1477 ventorum,
730 1415 871 1478 imbrium,
887 1416 977 1485 luigo·

181 1497 276 1550 runnp
298 1481 535 1549 ilosopharentur,
556 1484 683 1550 desipere
700 1480 919 1549 hallucinariqoe
937 1483 978 1536 ‹li-

66 1579 69 1586 ·
184 1549 318 1614 cebat**).
353 1550 394 1601 lio
405 1555 500 1602 autem·
508 1549 536 1600 hi
547 1549 778 1611 librieoordatis,
787 1547 909 1600 otEnnii
917 1565 978 1602 ver·

111 1615 139 1626 ’“
183 1617 220 1668 bo
236 1621 310 1678 utar,
323 1623 354 1668 et
362 1617 582 1703 intelligentibus
592 1617 679 1684 pluris
690 1615 750 1665 lieri
764 1616 877 1677 debent,
893 1616 979 1682 quod,

185 1695 247 1732 enni
263 1681 339 1734 ducti
352 1685 436 1734 sinte
451 1684 610 1736 stoicorum
623 1681 781 1746 discipline,
796 1696 912 1748 qnorum
924 1680 980 1735 iuis
1047 1733 1054 1746 .

113 1793 118 1800 .
185 1748 295 1815 quidem
308 1764 435 1801 severum
447 1751 571 1816 inprimis
590 1755 631 1808 et,
651 1753 682 1798 ut
698 1747 739 1797 ita
752 1746 853 1810 (lirani,
873 1763 979 1802 maseu-

183 1813 240 1866 lum
249 1813 463 1884 philosophandi
474 1829 574 1882 genos,
588 1814 640 1864 seel
652 1813 783 1880 pleraque
797 1819 888 1866 tannen
898 1827 979 1880 prae·

184 1889 265 1948 cepta
277 1883 414 1950 rigidiora
426 1887 455 1932 ei
467 1897 483 1932 a
498 1880 635 1932 cornarani
646 1878 784 1930 hominurn
798 1886 880 1946 captu
888 1895 979 1932 remo-

183 1948 268 2000 tiora:
281 1951 323 2001 ita
335 1965 365 2000 se
376 1948 474 2000 Cicero
485 1946 661 2025 temperavit,
676 1954 707 1996 nt
719 1946 833 2008 abillis,
849 1959 919 2011 quae
930 1945 978 1998 ab·

182 2017 268 2066 surda
290 2022 338 2066 aut
357 2019 436 2064 erant
457 2019 505 2062 aut
523 2011 612 2062 rideri
631 2018 773 2076 poterant,
802 2013 978 2075 abstinuerit,

46 2123 50 2146 2
100 2079 110 2098 “
184 2085 329 2149 naeniaque
346 2079 381 2130 ad
395 2078 484 2128 ciuilis
503 2077 575 2128 vitae
586 2077 789 2130 institutionem
803 2085 869 2144 apta
889 2083 918 2128 et
931 2092 981 2132 aar

183 2147 357 2199 commodata
367 2143 522 2210 protulerit

29 2263 31 2272 ,
45 2243 51 2252 -
65 2262 70 2270 ,
217 2213 272 2265 Sed
283 2212 317 2262 de
332 2209 450 2270 caussis,
466 2223 516 2260 eur
525 2207 553 2260 hi
563 2209 628 2260 libri
637 2209 718 2260 nobis
729 2207 787 2258 cari
796 2220 829 2256 ae
840 2219 978 2261 commen-

96 2293 98 2298 ·
183 2275 776 2340 datiessedebeant,abnndediotunrpoto.
810 2270 979 2328 Nuneante.
1037 2272 1042 2295 ¹

54 2355 94 2384 e,
183 2339 567 2411 quamprogrediarlongius,
585 2338 979 2399 noneritalienurn‚breviter
1034 2334 1038 2349 ¹

100 2432 111 2452 -ι
182 2407 351 2474 respondere
364 2405 526 2473 quibusdam
539 2404 798 2474 reprehensoribus,
809 2405 854 2471 qui
864 2419 909 2456 nro
920 2422 979 2462 non
1029 2440 1035 2459 .

128 2502 132 2514 ·
183 2481 288 2526 tanturn
306 2473 447 2526 absentem
460 2473 488 2524 in
508 2475 620 2525 circulis
640 2478 668 2522 et
683 2471 816 2522 conviviis
835 2473 978 2538 vellicant,
1026 2466 1034 2522 .’

23 2541 47 2608 Ιζ
153 2562 159 2604 j
182 2540 232 2592 sed
252 2555 314 2594 esse
333 2539 469 2594 interdurn
489 2543 572 2594 etiam
586 2537 726 2610 praesenti
742 2538 854 2591 molesti
871 2539 974 2593 soleat.
1025 2534 1030 2609 ξ

218 2641 238 2694 ¹)
257 2641 338 2686 lieret.
349 2655 385 2698 ep.
395 2639 414 2685 1.
423 2646 459 2686 it.
468 2653 501 2697 sq.

210 2699 242 2750 ¹¹)
258 2697 364 2758 Xenopln
376 2699 467 2744 Memor.
479 2699 543 2744 saer.
552 2695 571 2742 1.
583 2700 604 2742 1.
613 2699 639 2744 11
650 2707 699 2752 sqq.
