2150 3012
373 163 528 216 ORATIO
546 163 631 216 Xlll.
847 164 898 218 109

27 315 29 321 ,
102 280 193 335 neque
204 279 241 320 ex
250 265 357 332 ingenti
368 266 547 331 scriptorum,
564 266 612 332 qui
622 280 667 317 res
677 263 815 317 Romanas
824 265 899 318 litte-

102 349 197 386 rarum
212 327 397 384 monumentis
413 331 609 397 prodiderunt,
629 347 742 383 numero
757 333 900 400 quisquam

105 407 157 460 est,
169 415 251 468 quem
260 400 360 449 merito
374 399 434 463 quis
447 397 476 448 C.
488 398 619 449 Cornelio
631 399 729 450 Tacito
741 405 899 464 anteponat.

105 465 178 520 Nam
187 467 212 516 si
221 463 291 516 nihil
302 471 345 516 est
354 463 472 516 hominis
485 466 575 515 animo
587 465 742 526 iucundius,
754 481 835 532 quam
845 465 901 516 dis·
926 485 941 516 .·

107 548 181 593 cere,
189 539 218 583 et
227 533 330 593 eorum,
338 545 408 597 quas
416 538 513 597 suapte
520 533 547 582 vi
554 546 586 581 ac
597 532 900 604 naturaiueunelasunt,

108 605 187 652 tanto
203 599 321 666 quidque
341 598 502 659 iucundius,
526 603 628 663 quanto
649 597 753 649 laboris
771 614 804 648 ao
816 599 903 649 mole·

109 666 180 716 ntiae
191 668 278 717 minus
292 662 416 725 exhibet,
436 664 562 714 dubitare
573 665 607 715 de
619 662 754 715 historiae
765 665 902 717 suavitate

108 746 189 784 nemo
204 738 308 798 potest,
326 747 387 782 cum
401 731 498 796 scripti
512 746 599 796 genus
614 731 717 780 nullum
734 732 782 793 sit,
799 747 834 782 ex
865 745 901 782 uo
950 773 953 780 ,

109 807 157 850 aut
166 799 245 864 plura
254 803 302 848 aut
312 798 393 848 citius
404 803 434 848 et
442 798 547 847 nrinore
562 798 645 848 aniani
659 801 837 850 contentione
847 747 903 850 iis·

109 873 214 918 eantur.
233 889 236 896 .
249 865 356 916 Artium
368 870 526 930 praecepta,
539 863 602 915 (lum
612 865 770 928 traduntur,
784 865 904 930 molesta
946 871 948 877 '

109 940 185 996 sunt3
199 929 395 984 mathematica
408 932 566 996 conplures
579 931 765 996 pulcritudine
776 935 904 994 inritant,

109 1015 190 1067 quam
201 997 363 1049 difficultate
379 997 531 1060 deterrent,
548 998 597 1049 illa
611 999 672 1065 ipsa
685 999 812 1066 princeps
823 1005 852 1050 et
861 1012 904 1049 re-

29 1116 32 1124 ,
93 1117 97 1125 ,
110 1067 177 1136 gina
185 1067 285 1116 artium
296 1061 471 1144 philosophia
481 1069 687 1136 nunqualntam
697 1066 797 1116 multos
807 1063 905 1117 habuit
929 1093 930 1098 =

110 1132 251 1185 studiosos
263 1145 319 1193 sur,
333 1138 427 1181 utnon
440 1129 533 1197 plures
548 1131 751 1183 obtrectatores
763 1131 904 1184 habueritr

109 1215 165 1252 una
175 1197 294 1250 historia
303 1203 355 1259 est,
369 1211 439 1263 quac
451 1197 571 1247 omnium
581 1198 674 1248 studia
689 1198 808 1262 alliciat,
822 1213 904 1250 aures

10 1289 13 1296 r
109 1270 217 1327 teneat,
233 1264 339 1316 animos
353 1262 487 1326 mulceat3
504 1278 584 1328 aqua
597 1265 621 1314 si
656 1265 697 1314 uis
713 1263 862 1316 abhorrere
873 1277 904 1316 se

4 1329 13 1388 Γ
111 1333 193 1394 dicat,
203 1347 298 1398 parum
310 1330 394 1391 absit,
411 1329 476 1396 quin
489 1329 589 1395 ipsese
601 1344 634 1380 ne
666 1332 783 1384 ominem
793 1332 904 1398 quidem

111 1414 174 1452 esse
189 1399 318 1449 fateatur.
353 1396 487 1447 Parvulos
501 1411 617 1462 pueros,
633 1397 662 1448 in
676 1395 774 1476 qulbus
788 1404 904 1450 naturae

110 1469 153 1520 sis
162 1467 279 1518 maxime
291 1463 382 1516 elucet
392 1463 590 1580 verissimeffiue
599 1467 778 1531 perspicitur,
788 1464 906 1543 nullane

111 1533 200 1600 magis
220 1546 301 1599 quarn
311 1531 524 1582 narratiunculis
563 1533 606 1582 uei
616 1530 810 1596 videmustqui
821 1539 906 1582 etiam
932 1551 935 1562 ·

20 1631 25 1638 ·
111 1614 208 1666 saepe,
228 1604 259 1648 ut
277 1596 397 1664 aliquem
411 1595 530 1648 fabellas
543 1604 700 1650 narrantem
714 1597 839 1659 audiant,
856 1612 905 1649 cus

6 1695 10 1704 .
56 1725 64 1734 ⁸
108 1667 118 1718 i
140 1681 194 1726 sas,
206 1665 304 1732 quibus
315 1665 504 1715 cummaxime
518 1679 630 1732 operam
641 1665 717 1726 daut,
734 1664 905 1717 lusiunculas

130 1737 250 1784 eserunt.
284 1730 334 1782 lsti
345 1730 457 1798 superbi
470 1746 502 1782 sc
512 1731 627 1793 divites,
644 1732 777 1783 librorum
787 1739 816 1784 et
830 1733 905 1785 litte·

22 1814 27 1824 ·
108 1811 202 1852 rarum
217 1798 339 1850 omnium
354 1812 465 1861 osores,
486 1800 532 1864 qui
546 1799 602 1850 sibi
615 1813 630 1850 e
641 1799 744 1852 stolido
759 1813 791 1850 sc
805 1801 904 1866 supino

109 1865 336 1936 pulcerrimarum
348 1879 439 1916 rerum
455 1873 614 1932 contemptu
627 1866 744 1934 gloriam
760 1872 904 1933 quaerunt,

109 1939 243 1996 attamen
253 1933 294 1984 sic
305 1947 414 2012 quoque
426 1933 539 2001 aliquod
553 1933 671 1984 hominis
686 1935 861 1984 simulacrum
872 1946 906 1984 oo

7 2035 15 2052 .
111 2000 260 2066 vestigium
271 2005 420 2061 retineant,
436 2001 470 2050 ab
485 1998 603 2051 historia
617 2015 672 2051 nou
685 2002 795 2067 penitus
805 1998 905 2050 abhor-

110 2073 182 2118 rent
216 2065 312 2133 ltaque
321 2067 350 2116 ia
359 2067 416 2118 illis
426 2066 495 2134 ipsis
506 2081 615 2135 quoque
630 2068 720 2129 striis,
734 2064 905 2118 coenationi·

109 2133 175 2195 bus,
189 2133 337 2193 cubiculis,
358 2133 430 2185 uncie
445 2134 517 2185 aliae
532 2149 626 2186 omnes
638 2135 748 2185 litterae
760 2134 905 2199 omnisque

110 2197 244 2252 honestas
254 2199 401 2264 exsulat,iu
411 2213 507 2251 mensa
515 2205 608 2252 tamen·
618 2202 710 2266 aliqua
720 2199 805 2252 autin
816 2200 913 2268 abaco„

109 2267 247 2318 interdum
259 2265 354 2317 videas
369 2268 511 2333 expositos
526 2283 654 2318 unacum
668 2267 768 2341 fritillp
785 2273 814 2316 et
823 2265 906 2317 turri·

37 2335 43 2344 “
112 2333 174 2384 cula
192 2347 224 2383 ae
243 2334 360 2383 tesseris
386 2339 536 2400 ceteroque
557 2336 740 2386 instrumento
767 2325 904 2384 aleatorio
934 2348 936 2352 ·

111 2401 194 2452 etiam
204 2398 303 2459 libros,
319 2405 366 2450 aut
381 2398 525 2452 historiam
538 2409 587 2452 aut
600 2401 703 2469 aliquid
717 2399 851 2450 historiae
863 2405 904 2448 ut-

111 2480 218 2534 cunque
238 2465 329 2515 simile
351 2467 533 2518 continentes.
577 2467 613 2518 Ut
634 2470 707 2518 enim
725 2471 844 2518 mustum
863 2463 905 2512 bi·

108 2531 190 2600 bunt,
209 2534 256 2599 qui
274 2532 330 2582 vini
348 2534 449 2585 veteris
468 2534 646 2584 acrimoniam
662 2540 745 2600 atque
759 2529 905 2581 austerita-

52 2609 55 2614 ·
109 2606 165 2650 tens
179 2613 235 2662 non
250 2598 351 2650 ierunt:
366 2599 407 2650 sic
420 2599 498 2664 pueri
514 2606 543 2649 et
553 2601 605 2649 viri
624 2613 772 2666 puerorum
789 2594 905 2654 similes,

11 2683 12 2700 r
110 2662 905 2746 quia'serioscriptaehistoriaegravitatemseveritatem
1005 2735 1008 2742 ι
