2150 3012
150 98 153 102 ’
181 137 229 186 ros
470 131 621 186 onorio
640 129 715 183 xi·
766 91 790 104 ”

178 241 253 286 tatus
267 231 302 284 ud
314 229 481 283 audiendum
491 231 639 299 quendam,
659 215 706 298 qui
712 231 831 286 mirilico
841 233 973 290 lusciniae
1011 235 1040 290 ’-

179 307 289 352 uantum
298 299 470 360 imitabatur,
489 307 652 365 aspernatus
663 305 720 363 est,
734 315 815 353 veras
826 300 881 352 sibi
894 302 975 354 lusei-

178 368 238 419 nias
249 379 333 433 saepe
344 367 453 418 auditas
465 381 529 416 esse
538 367 643 418 dicens.
667 366 975 434 Atquisuost'rumuon
1024 398 1027 402 -
1058 417 1059 436 χ

176 432 878 500 taliaomniaplurislaniatimitata*)‚quamveral
898 435 975 497 Quae
1058 443 1059 468 l

178 509 271 553 autem
285 513 354 551 vera
366 513 450 550 renea
464 506 610 566 tantopere
628 515 748 566 unquam
765 501 906 552 celebrata
922 509 974 565 est,

177 565 587 686 queautoperereeealllyronisl
599 564 974 634 Numquidigiturlrominem

190 635 251 686 also
265 632 389 700 gaudere
404 633 542 684 dieemus'l
566 633 658 684 lmmo'
672 649 738 686 vero
758 641 873 684 naturae
888 633 975 686 homi·

177 717 242 753 mnu
251 701 342 751 emina
354 713 442 765 paene
452 702 555 750 veritas
567 707 622 762 est,
632 715 722 768 neque
735 701 811 752 aliud
826 701 974 768 quidquam

178 767 323 820 meudaeiu
335 767 452 832 gratiam
462 766 606 828 eoueiliat,
618 782 698 833 quam
709 767 827 820 imitatio
838 769 973 821 veritatis.

178 837 274 902 ltaque
285 847 345 883 oum
355 848 388 884 ea
397 833 723 898 dieuntu1·,quaenullam
732 848 846 901 prorsus
855 832 976 886 habeant

177 901 303 953 veritatis
320 899 542 962 similitudinem,
557 906 605 950 aut
617 907 714 966 suapte
729 901 755 951 vi
767 907 815 952 aut
828 899 922 954 habita
931 917 974 952 ra·

176 969 255 1020 tione
268 979 375 1029 eorum,
395 967 467 1032 apud
483 981 556 1033 quos
567 966 708 1031 diduntur,
732 967 808 1020 nulle
822 981 857 1020 ex
869 967 976 1022 talibus

176 1033 328 1087 mendeeiis
346 1033 483 1084 exsistere
500 1033 628 1099 voluptas
643 1039 745 1099 potest.
779 1035 815 1086 nt
829 1037 975 1102 poetarum

177 1102 197 1154 fl
245 1107 311 1153 ente
325 1107 354 1151 et
365 1100 511 1166 ingeniose
526 1101 687 1166 exungitata
701 1106 778 1164 sunt,
798 1107 827 1152 et
839 1101 977 1154 aoeedunt

176 1183 338 1238 perumque
352 1168 386 1226 ad
400 1168 520 1234 aliquam
534 1165 743 1218 similitudinem
755 1169 825 1232 veri,
840 1171 917 1220 etita
928 1181 975 1217 ex-

177 1241 329 1304 ponuntur,
348 1235 425 1286 utin
444 1237 506 1302 ipsa
523 1248 620 1289 eorum
639 1235 814 1302 expositione
830 1234 976 1286 miriiiouru

178 1303 317 1372 quoddam
326 1301 432 1368 ingenii
446 1315 559 1352 acumen
569 1300 704 1368 perpetuo
715 1302 833 1354 eluceat.
867 1301 974 1370 ltaque,

179 1371 309 1439 quoniam
319 1383 414 1420 verum
423 1369 569 1435 ingeniose
581 1368 732 1430 imitantur,
744 1369 892 1420 oblectent.

212 1438 354 1505 Sequitur,
374 1441 406 1488 ut
424 1434 580 1496 ostendam,
601 1449 672 1501 quae
691 1435 838 1487 commoda
855 1433 974 1486 humano

178 1509 276 1574 generi
289 1503 408 1556 alienant
417 1505 530 1569 poetae,
547 1508 576 1554 et
585 1517 653 1569 quas
667 1503 702 1554 ad
716 1518 761 1553 res
772 1502 848 1554 utilis
862 1503 898 1552 sit
908 1501 975 1566 pod-

177 1579 281 1626 metum
300 1573 395 1623 lentio.
429 1569 501 1621 Dino
522 1575 627 1634 autem,
646 1585 716 1636 quae
736 1569 791 1622 duo
812 1575 843 1620 ut
861 1569 978 1620 doceret

177 1638 311 1690 Aehillem
322 1637 461 1700 Phoenix,
475 1637 646 1689 comitemne
657 1635 684 1686 ei
693 1651 710 1686 a
719 1643 797 1702 patre
808 1636 901 1687 datum
911 1647 976 1686 esse

196 1707 336 1769 rolitetur,
359 1705 394 1756 ad
413 1719 448 1755 ea
465 1711 583 1770 utruque
599 1705 695 1770 poetas
718 1703 881 1754 utilissimos
902 1715 974 1753 esse.

176 1721 248 1830 fiam
265 1780 294 1823 et
307 1773 378 1824 bene
392 1771 468 1838 loqui
484 1771 586 1823 docent
604 1775 633 1820 et
653 1769 688 1819 ad
702 1767 835 1820 honestas
848 1769 975 1820 actiones

177 1841 285 1894 animos
295 1839 447 1908 legentium
458 1844 506 1887 aut
519 1835 690 1886 audientium
700 1835 854 1903 impellunt.
891 1835 976 1899 Quod

131 1909 135 1930 ⁵
177 1905 220 1963 llis
231 1907 357 1959 versibus
368 1903 483 1971 exponit
492 1902 685 1966 lloratiue**)=

246 2003 283 2060 Oe
293 1999 506 2068 tenerrimum,
518 1999 885 2136 balbumquelpoi'tofigurot:
966 1993 969 1999 ’

235 2067 658 2138 'Monetium-peetuspreeeeptie
683 2065 906 2128 ormatloneetie,
980 2087 985 2092 ·

244 2134 403 2206 asperitatis
413 2142 440 2186 et
447 2132 562 2186 invidiae
572 2143 709 2185 corrector
720 2143 746 2185 et
754 2133 821 2184 irae.

177 2242 214 2292 le
224 2237 258 2288 de
269 2235 429 2302 eloquentia
439 2233 559 2301 quidem,
567 2233 632 2300 quin
642 2233 677 2286 ad
685 2247 745 2284 eam
753 2229 899 2303 plurimum
909 2242 979 2282 eon.

177 2305 279 2362 lerant,
310 2316 344 2353 ne
368 2299 489 2354 dubitari
512 2301 622 2368 quidem
645 2307 746 2369 potest.
784 2296 880 2348 Omnis
901 2299 979 2348 enim

176 2367 320 2439 granditas
336 2369 484 2433 emtionis,
505 2369 593 2420 nuruis
628 2368 757 2436 eregrina
775 2372 804 2418 et
817 2363 851 2414 ab
865 2363 978 2430 uulgari
1058 2415 1059 2418 ,

177 2434 330 2491 abhorrens
354 2435 539 2492 conformatio
563 2385 722 2500 nerinorum,
753 2446 847 2490 omnes
867 2431 981 2502 figurae

213 2577 234 2631 ⁸)
251 2575 301 2621 cie.
311 2576 339 2622 ds
349 2575 418 2624 linir.
429 2589 449 2623 e.
460 2580 479 2622 t.
493 2574 589 2623 imitata
597 2580 621 2622 et
630 2577 707 2622 eiiii-te
717 2571 843 2624 siuuleer'e.

206 2651 235 2704 ¹¹)
253 2651 366 2715 Epidii.
377 2655 397 2695 l.
409 2655 457 2698 120.
470 2635 562 2708 llllsrq.
579 2653 618 2696 ubl
629 2665 672 2710 pro
681 2651 780 2699 dometis
790 2649 873 2706 legitur
886 2641 972 2689 aaut&
1045 2619 1059 2728 'q
