2120 3018
260 93 291 122 ⁸
378 101 531 205 octauo
549 127 582 181 v.
847 133 882 188 sa

75 228 222 284 accedere.
258 227 290 282 Si
314 242 396 308 quern
417 229 574 296 depositum
599 243 632 281 ac
655 227 831 296 desperatum
853 239 882 284 et

75 297 235 350 manifestis
252 295 414 348 criminibus
433 311 596 364 oppressum
611 301 640 347 et
653 299 740 347 tacito
760 297 880 350 omnium

74 363 251 432 praeiudicio
271 363 356 414 morti
374 362 543 414 destinatum
561 378 639 414 reum
658 362 813 430 recipcre*)
832 379 880 430 po·

74 433 196 494 tuerint,
218 432 247 481 in
268 445 302 480 eo
322 428 376 481 sibi
396 429 519 496 placent,
543 444 573 481 se
593 428 830 496 circumspiciunt,
850 444 904 481 se«

73 499 196 559 iactant,
217 498 326 549 coelum
346 496 437 562 digito
456 497 512 547 sibi
531 496 660 548 videntur
677 496 832 562 attingere,
851 501 883 548 ut

73 579 140 618 cum
153 564 253 614 Cicero
272 565 301 613 in
318 562 484 614 Cluentiana
504 577 603 614 caussa
621 563 757 630 gloriatus
773 568 830 624 est,
849 577 880 614 se

73 630 208 682 tenebras
227 629 367 681 iudicibus
388 627 532 680 offudisse.
568 629 678 690 Quanta
696 628 790 680 verior
805 636 882 680 esset

73 696 218 763 gloriandi
228 711 335 758 caussa,
346 696 371 747 si
380 689 509 746 tenebr'as
520 694 554 746 ab
565 710 661 746 eorum
668 695 766 747 animis
775 695 881 746 discus·

73 765 172 826 sisset,
193 763 216 814 si
234 777 341 814 omnem
356 776 479 814 errorem
493 761 653 829 eripuisset,
675 763 700 814 si
712 762 753 823 id,
773 762 807 813 de
824 776 879 828 quo

72 829 228 880 iudicaturi
241 836 332 889 erant,
346 829 375 880 in
389 829 477 892 clara,
493 835 525 879 ut
536 831 577 880 ita
590 829 692 892 dicam,
708 827 771 880 luce
785 829 879 880 viden-

71 895 139 947 dum
151 895 337 947 coiiocasseti
353 897 388 949 st
398 893 450 946 hoc
462 896 514 947 viri
523 895 591 946 boni
601 902 672 958 erat,
686 910 742 946 non
757 895 878 946 oratoris

69 962 151 1014 boni.
187 963 274 1014 immo
288 977 368 1024 vcro,
382 962 422 1012 ait
437 961 521 1024 alins,
535 976 570 1012 ne
586 967 681 1012 orator
692 962 802 1029 quidem
815 976 878 1013 esse
930 1001 933 1009 ,

70 1035 184 1096 potest,
199 1029 253 1078 nisi
267 1031 313 1095 qui
328 1029 473 1079 virbonus
487 1029 532 1078 sit.
569 1028 634 1080 Scio
647 1028 722 1081 istud
735 1029 792 1080 dici
804 1027 879 1080 etad

69 1103 221 1146 auctorem
242 1095 281 1146 Μ.
303 1095 436 1146 Catonem
457 1095 624 1160 referri**);
651 1095 702 1147 sed
725 1095 878 1174 mesnagis

70 1161 241 1214 Aristoteles
265 1166 371 1223 movet,
397 1162 445 1228 qui
467 1177 510 1214 me
529 1160 711 1230 philosophus
733 1177 795 1214 curn
814 1163 877 1214 airis

71 1229 158 1280 rebus
173 1228 329 1295 rapit***),
346 1233 403 1278 tun
424 1229 497 1294 quod
511 1229 628 1280 mirifice
642 1229 768 1280 veritatis
783 1244 877 1280 amaus

72 1296 195 1347 videtur.
230 1294 257 1346 is
276 1294 378 1360 igitur,
396 1295 486 1346 bonus
503 1296 547 1345 vir
560 1297 598 1346 sit
611 1301 706 1346 orator
728 1298 877 1358 arnotinus,

71 1367 160 1428 negat
179 1351 326 1428 quidquam
347 1360 382 1410 ad
400 1367 488 1412 artem
507 1363 659 1426 pertinere:
677 1361 747 1413 illud
767 1361 878 1476 qsuideru

44 1431 54 1440 “’
72 1429 177 1480 esseio
189 1433 247 1478 arte
261 1429 306 1480 vol
316 1429 503 1496 praecipuum,
514 1431 555 1479 ita
565 1429 670 1494 fingere
680 1443 712 1478 ac
722 1442 774 1478 con
789 1441 877 1478 orma·

71 1507 102 1544 re
123 1493 295 1558 orationem,
312 1501 344 1545 ut
363 1499 405 1556 te,
423 1495 580 1560 quicunque
596 1497 648 1556 sis,
669 1494 689 1543 ii
703 1494 750 1561 qui
764 1494 878 1546 audient

70 1559 179 1612 bonum
192 1561 280 1611 virum
293 1574 356 1612 esse
371 1565 399 1610 et
411 1561 465 1611 sibi
479 1564 595 1612 amicum
610 1566 708 1628 putent
714 1560 756 1625 †).
790 1561 877 1627 Egre-

73 1626 150 1692 giam
169 1641 237 1679 vero
249 1633 279 1678 et
294 1627 476 1692 expetendam
491 1633 591 1696 artem,
629 1642 681 1679 uae
696 1642 756 1678 eam
769 1627 876 1678 iniusti·

71 1696 129 1746 tiue
141 1699 248 1762 partem
260 1694 373 1757 doceat,
384 1709 439 1760 qua
448 1694 524 1747 nulla
533 1644 681 1762 capitffiior
691 1703 743 1758 est,
756 1711 810 1763 quo
818 1709 876 1746 mo·
941 1699 945 1708 “

73 1758 110 1811 do
120 1761 257 1827 consequi
266 1762 367 1828 possis,
379 1769 409 1812 ut
418 1777 479 1813 curn
489 1761 607 1814 maxime
618 1762 713 1825 fallas,
723 1769 781 1813 tum
790 1762 876 1814 niaxi-

73 1840 117 1878 mc
127 1823 271 1880 virbonus
282 1842 345 1880 esse
354 1828 476 1882 videaris
486 1829 554 1894 ††).
590 1829 698 1891 Quodsi
708 1830 826 1882 maxime
841 1829 876 1880 ad

72 1907 171 1946 verum
180 1900 209 1944 et
218 1894 254 1944 ad
264 1893 365 1946 falsum
374 1898 595 1960 persuadendum
605 1895 682 1948 utilis
693 1901 736 1946 est
746 1897 876 1962 eloquen-

72 1959 127 2022 tia,
138 1967 233 2011 tamen
246 1961 275 2012 in
288 1967 365 2012 tacto
383 1963 507 2027 periculo
522 1969 551 2014 et
563 1963 591 2014 in
607 1969 685 2014 tanta
698 1963 876 2015 multitudine

74 2021 218 2078 hominurn
240 2042 274 2079 ea
287 2027 412 2095 improbe
433 2029 568 2081 utentium
588 2044 643 2080 non
662 2029 766 2096 passius
785 2042 875 2097 neque

75 2093 246 2158 quibuslibet
261 2110 330 2148 usus
349 2095 426 2148 iliius
444 2096 646 2164 permittendus
666 2101 754 2162 esset,
774 2098 824 2149 sed
844 2101 876 2150 ut

132 2224 154 2279 ¹)
169 2226 266 2275 Mirum,
285 2227 310 2270 ui
328 2227 431 2288 Muretus
449 2229 571 2283 scripserit
592 2240 654 2272 reum
672 2204 768 2286 eripere:
789 2229 848 2284 quoti
861 2242 876 2272 s

77 2275 185 2325 Cicerone
196 2282 311 2337 exquisite
329 2284 413 2328 dicitur
426 2298 469 2339 pro
479 2291 530 2329 orte
539 2286 638 2343 quadum
647 2285 751 2330 liberare.
770 2285 860 2329 Rubulr.

114 2353 145 2406 ⁸³)
160 2353 215 2396 Viri.
225 2353 334 2404 Quinctil.
344 2354 402 2399 XII.
413 2359 433 2399 l.
444 2370 480 2412 pr.
496 2389 498 2394 .

106 2422 147 2478 ””)
164 2425 212 2470 cic.
222 2427 252 2469 asi
261 2427 325 2472 Fam.
335 2427 364 2470 V.
378 2434 408 2472 12
418 2441 491 2483 neque
505 2427 566 2472 cuim
580 2439 615 2470 me
630 2426 701 2471 scions
716 2437 875 2472 commemora·
936 2475 941 2484 ,

76 2475 108 2544 iio
128 2483 271 2536 posteritatis
291 2483 321 2526 sci
341 2481 405 2542 spsos
423 2483 523 2540 aliquam
540 2483 720 2530 immortalitatis
738 2480 814 2538 rapit,
834 2480 875 2524 ssd

77 2531 143 2578 sirssn
152 2535 195 2579 iiia
204 2539 325 2592 cupiditas.

120 2589 149 2644 †)
164 2591 230 2635 Rhet.
241 2593 291 2637 132·
301 2607 352 2650 pag.
364 2600 425 2639 1³5⁶.
434 2595 471 2639 sti.
480 2595 553 2640 asur.
564 2591 648 2640 ruunt.
657 2593 713 2638 Vsr.
724 2589 787 2634 seer.
795 2585 828 2634 Η.
841 2593 861 2632 Ι.

103 2643 150 2700 ††)
167 2647 214 2692 Cic.
225 2649 253 2692 ris
263 2650 302 2694 off.
311 2650 330 2695 L
343 2655 375 2695 13.
386 2656 446 2695 extr.
