2120 3018
387 107 650 199 onnurovs‘
741 139 742 146 ‘
849 151 882 202 u

80 251 221 304 adimeret
243 246 403 302 bominibus
425 260 505 298 omne
530 245 663 298 iudicium
682 249 789 308 veriet
806 248 883 304 falsi:

78 333 194 379 omnes,
215 323 249 368 ut
261 318 380 382 opinor,*
393 315 419 365 ei
433 314 590 365 advenienti
605 322 699 380 portas
714 312 883 380 clauderent,
931 344 937 354 ·

75 399 177 436 omnes
199 397 261 434 eum
275 397 292 432 u
305 381 404 432 linibus
423 381 482 431 suis
502 379 659 447 abigerent3
683 382 883 435 interdicerent

39 500 42 508 ,
75 453 180 514 etiam,
191 463 226 500 na
237 450 298 515 quis
310 448 343 499 ab
354 461 389 497 eo
401 447 461 497 eius
471 447 571 498 veneni
583 448 720 499 miscendi
731 462 764 499 ac
777 454 881 514 tempe·

73 518 158 568 randi
174 517 312 567 rationem
326 512 458 564 didicisse
472 513 566 564 vellet.
600 516 635 564 At
648 529 703 565 non
718 515 882 578 dissimilem

72 586 103 634 ln
115 581 382 650 eloquentiainesss
392 580 456 641 vim,
466 579 521 645 ipsi
531 580 606 630 illius
616 579 882 648 professoreeprae·

75 650 184 701 dicant.
217 649 268 709 An,
283 649 307 698 si
321 646 383 714 quis
397 646 502 697 abenas
512 645 607 712 fruges
618 649 819 709 excantaverib
833 656 882 700 aut

73 715 159 766 malis
171 714 340 766 carminibus
353 719 473 764 mentem
487 712 570 764 alitui
581 715 624 765 eri
645 716 730 776 uerit,
745 716 882 768 afficietur

73 783 233 848 supplicio,
247 781 331 896 idpue
342 788 390 830 aut
402 777 533 832 docuisse
547 765 596 828 au‘t
618 729 749 834 didicisse
760 780 880 848 capitale

74 850 143 899 erit:
164 849 214 915 qui
225 847 282 897 mel
293 847 341 898 itis
354 844 447 896 verbis
461 851 490 896 et
503 846 539 897 ad
551 845 702 898 fallendum
717 848 880 916 compositis
962 857 968 864 '

72 914 285 966 multitudinem
314 911 505 974 infatuaverit,
539 914 620 978 eique
651 914 821 981 gravissimis
850 916 880 966 iu

72 982 160 1032 rebus
171 979 307 1041 illuserit,
320 978 447 1044 aliosque
460 973 576 1029 eandem
588 977 704 1032 fallendi
718 995 751 1032 ac
764 983 880 1033 circum·

72 1048 221 1100 scribendi
235 1052 323 1097 artem
339 1045 481 1108 docuerit,
496 1045 521 1096 is
535 1059 590 1096 non
604 1046 687 1098 modo
701 1054 764 1099 ante
781 1049 879 1100 oculos

63 1117 201 1166 oninium
215 1114 326 1181 impune
346 1111 488 1173 volitabit,
509 1110 559 1163 sed
576 1112 650 1164 ultro
668 1113 703 1164 ob
718 1129 778 1166 eam
790 1116 879 1184 ipsam
962 1165 967 1176 ,

37 1223 43 1248 Ν
73 1195 206 1233 caussam
226 1178 397 1246 amplissima
415 1175 470 1230 sibi
488 1177 601 1229 decerni
618 1181 741 1246 praemia
757 1182 879 1248 postula·

71 1245 130 1298 biti
147 1250 205 1309 An,
225 1248 272 1314 qui
282 1245 400 1298 iudicem
409 1245 528 1310 pecunia
542 1248 709 1312 corruperit,
728 1249 879 1302 exsulabit:

73 1316 121 1380 qui
134 1313 313 1380 eloquentia,
329 1309 501 1370 laudabitur?
518 1311 554 1361 lit
565 1310 619 1362 boc
632 1325 666 1364 eo
681 1315 764 1364 etiam
777 1317 879 1368 tetrius

73 1381 293 1450 aclsceleratins
313 1384 369 1440 est,
389 1377 463 1496 puod
476 1377 594 1444 pecunia
611 1380 749 1448 corrumpi
761 1381 815 1431 nisi
829 1384 879 1432 im-

73 1447 181 1513 probus
191 1453 220 1498 et
228 1448 349 1514 impurus
358 1445 388 1496 iu
409 1457 443 1498 ex
451 1450 618 1512 nonpotest,
627 1444 881 1512 eloquentiaetiam
939 1456 945 1462 “

15 1515 40 1550 ”
73 1511 669 1648 illisitbitiltllllnliilll
685 1514 878 1644 lilioli

74 1648 98 1698 si
111 1649 175 1716 quis
187 1647 305 1699 alienam
314 1659 430 1698 uxorem
439 1644 582 1704 blanditiis
592 1647 626 1698 ad
635 1645 792 1716 laciendum
800 1648 878 1699 adul·

73 1717 177 1766 terium
194 1715 369 1781 pellexisset,
388 1727 469 1780 quam
483 1711 508 1763 si
521 1713 547 1764 ei
561 1713 616 1764 vim
632 1715 783 1776 attulisset,
803 1716 879 1782 quod

75 1781 104 1829 vi
117 1781 246 1834 adbibita
260 1795 360 1850 corpus
375 1786 493 1843 tantum,
512 1779 655 1834 blanditiis
672 1783 755 1834 etiam
771 1783 878 1835 animus

77 1854 315 1915 corrumperetur:
334 1849 375 1899 lta
393 1847 440 1914 qui
455 1847 528 1900 lictis
541 1847 634 1902 *verbis
647 1849 824 1901 severitatem
837 1849 880 1900 iu·

78 1913 170 1966 dicum
180 1914 340 1978 inflectunt,
352 1915 464 1982 gravius
472 1915 605 1983 puniendi
615 1922 723 1978 essent,
737 1931 818 1983 quam
830 1916 879 1983 qui

57 2034 60 2039 ,
79 1991 129 2031 eos
138 1981 291 2048 largitione
307 1989 493 2048 corrumpunt
528 1982 745 2038 Lacedaemonii
758 1981 878 2050 quidem,
903 2023 907 2032 .

61 2059 197 2110 ,quorum
221 2048 320 2100 civitas
343 2047 454 2114 optimis
476 2050 612 2101 institutis
629 2057 784 2118 temperata
799 2055 878 2117 puta·

80 2109 173 2179 batur,
195 2107 300 2165 nullr‘rm
316 2114 389 2180 apud
399 2129 430 2166 se
444 2112 509 2166 huic
518 2117 764 2184 praestigiatriciil
784 2117 879 2167 locum

81 2189 142 2230 assa
152 2181 312 2242 voluerunt,
325 2181 376 2232 sed
390 2181 507 2247 simplex
517 2183 655 2248 quoddam
669 2189 698 2236 et
711 2189 835 2250 apertum
850 2187 893 2234 ee

80 2249 255 2308 paucissimis
282 2254 442 2299 contentum
466 2249 559 2300 verbis
581 2251 744 2301 adamarunt
768 2248 880 2300 dicendi

82 2323 178 2374 genus.
211 2311 395 2366 Athenienses
409 2319 515 2377 summ,
532 2317 605 2381 apud
620 2331 689 2384 quos
702 2317 758 2366 ista
772 2321 801 2366 et
814 2321 880 2366 nata

84 2382 111 2426 ti
121 2379 177 2434 alta
186 2386 269 2448 atque
284 2382 455 2447 educata**)
471 2387 500 2434 et
511 2396 563 2434 suo
577 2383 658 2450 quasi
671 2381 773 2435 mundo
784 2380 879 2431 mulie·

72 2477 76 2484 ι
117 2511 138 2564 ‘l
155 2511 232 2557 Plaut.
246 2511 361 2570 Amphitr.
373 2512 407 2560 11.
421 2517 443 2560 2·
459 2515 508 2559 llo.
521 2511 572 2558 Aut
581 2511 622 2570 pol
631 2512 687 2560 bace
697 2507 879 2572 praestigium

84 2563 152 2626 mults
162 2570 260 2614 maxims
269 2573 313 2614 est.

42 2651 45 2657 '
110 2657 141 2712 ⁸⁸)
156 2656 407 2718 ci.clc.llmt.10pr.
