2120 3018
387 150 543 206 ORATIO
561 149 627 206 vll.
870 153 903 206 bd

104 256 249 312 irretitum
256 248 480 310 Jersicolcrlbus
494 253 607 306 tabellis
622 251 747 306 iudicum
761 251 904 316 severitati

106 325 258 390 eripuisset
266 322 433 374 Hortensius
438 338 446 386 ;
484 321 574 376 uando
584 319 644 372 ludi
653 319 783 380 Romani,
795 319 903 385 quando

105 391 166 444 ludi
174 389 329 450 Victoriae,
341 387 449 464 quando
460 337 562 454 deberi
573 387 822 449 committerentur3
833 385 905 435 eius-

108 457 227 524 demque
237 455 348 522 generis
358 455 426 516 alia,
442 468 512 520 quae
522 453 621 504 fallere
634 453 717 504 modo
733 457 816 519 atque
830 451 906 502 oble·

109 529 186 574 ctare
195 535 344 588 puerorum
354 521 454 582 otium,
470 535 526 571 non
540 521 623 571 etiam
633 518 810 571 cordatorum
819 515 907 567 homi·

109 605 174 641 num
188 587 281 639 studia
296 595 393 639 tenere
407 592 537 655 possent,
553 601 669 654 quorum
687 585 715 636 in
732 583 906 636 orationibus

109 654 253 706 Ciceronis
266 653 383 722 aliisque
393 653 454 704 eius
464 659 547 704 notae
557 653 668 720 scriptis
679 657 857 704 exerceretur
865 649 905 700 in·

70 721 87 789 J
110 719 231 782 dustria:¹
249 735 322 772 ame
342 719 474 787 graviora
487 719 621 786 quaedam
635 725 665 770 et
676 718 765 770 minus
780 715 907 784 vulgaria
966 739 968 742 ·

108 787 226 855 requiri3
248 785 392 838 ciceronis
403 786 507 852 scripta
515 799 559 835 ma
581 791 758 852 campartem
769 781 906 836 eiusmodi

109 869 186 917 esse,
202 860 232 904 ut
241 867 337 916 eorum
346 853 511 904 sententiam
521 855 567 930 qui
581 852 650 915 bet,
664 852 711 918 qui
722 851 805 902 modo
817 861 906 916 neque

130 919 208 987 ingui
227 924 309 986 atque
326 919 426 970 obtuso
448 919 562 998 ingemo
584 920 634 980 sit,
653 931 743 986 neque
761 917 789 968 in
803 916 906 968 litteris

109 936 214 1104 diospes
228 993 257 1037 et
268 987 444 1054 peregrinus,
463 999 487 1038 sn
501 999 557 1036 non
569 982 667 1047 facile,
681 989 799 1036 atcerte
813 983 907 1050 aliquo

105 1068 156 1105 nro
178 1067 195 1104 o
210 1065 259 1120 per
274 1067 304 1103 se
317 1053 451 1120 consequi
463 1057 559 1118 queat;
581 1065 644 1102 esse
662 1051 733 1101 alios
747 1047 908 1116 scriptores,
935 1079 938 1087 ·
957 1066 965 1073 ‘

111 1119 230 1188 quisine
240 1119 333 1185 aliquo
348 1117 457 1170 itineris
472 1120 543 1171 duee
556 1119 602 1170 rix
614 1117 779 1185 perlustrari
789 1115 908 1167 erudio·

111 1187 188 1240 ribus
208 1187 329 1253 possint3
346 1185 382 1235 ad
400 1183 452 1237 bos
466 1199 572 1252 cupere
584 1199 615 1236 se
631 1183 736 1235 aditum
749 1183 804 1235 sibi
822 1195 909 1250 opera

111 1267 175 1306 mea
183 1251 323 1320 patelieri,
336 1250 372 1303 ad
386 1249 437 1302 hos
447 1250 537 1302 facem
548 1250 602 1302 sibi
612 1265 629 1300 a
638 1265 682 1301 me
696 1251 816 1317 aliquam
830 1261 908 1315 praa·

112 1319 194 1383 ferri3
212 1318 286 1385 quod
294 1317 399 1368 laboris
408 1318 441 1371 in
450 1318 494 1368 cis
502 1316 693 1384 intelligendis
703 1329 802 1382 cupere
813 1329 908 1366 neces·

111 1400 143 1438 se
162 1384 309 1447 haberent,
328 1386 389 1436 eius
409 1382 462 1435 sibi
480 1389 585 1449 partem
604 1397 654 1449 per
664 1395 708 1434 me
728 1381 765 1434 ali
784 1395 847 1432 uam
862 1381 909 1432 de·
977 1381 979 1384 ’

110 1450 195 1504 trahi.
229 1449 260 1501 ln
270 1465 304 1502 eo
316 1457 409 1506 autern
417 1451 545 1501 sermone
558 1463 642 1516 saepe
652 1397 811 1499 Aristotddis
820 1447 909 1498 libros

113 1518 149 1571 de
175 1515 327 1570 Rhetorica
358 1517 549 1578 nominabant,
582 1513 820 1581 ostendebantque
852 1527 910 1564 non

113 1584 242 1646 obscure,
253 1581 323 1636 nibil
332 1581 387 1634 sibi
396 1582 523 1634 accidere
532 1597 615 1649 posse
626 1577 781 1642 iucundius,
792 1581 910 1647 quamsi
995 1619 997 1626 ,

111 1649 252 1702 adducere
265 1663 309 1702 me
326 1655 453 1716 possent,
472 1655 503 1701 ut
516 1663 565 1700 eos
580 1648 689 1715 publice
701 1648 909 1714 interpretarer.

88 1731 92 1740 “
112 1717 175 1787 Ego
186 1717 233 1784 qui
244 1723 272 1768 et
284 1719 374 1768 iustae
385 1731 483 1776 eorum
496 1715 627 1783 petitioni
639 1715 757 1782 obsequi
769 1728 909 1782 cuperem,

113 1791 156 1847 et,
176 1790 208 1836 ut
224 1782 434 1846 verumtatem,
448 1783 595 1834 ¹voluntate
608 1782 719 1835 meu'ec
737 1781 910 1844 inclinarem,

113 1852 229 1969 quo‘me
243 1849 298 1916 ipsi
311 1850 460 1913 vocabant,
479 1847 549 1902 nihil
560 1853 654 1901 tamen
669 1849 745 1916 prius
761 1849 910 1900 decernen-

134 1933 179 1968 um
189 1917 286 1978 statui,
299 1931 392 1982 quam,
404 1923 436 1967 ut
445 1923 553 1968 veteres
563 1917 604 1967 illi
615 1916 782 1982 Apollinem,
797 1916 838 1967 ita
848 1927 911 1967 eum

114 1983 303 2045 consulerem,
323 1983 370 2049 qui
389 1981 456 2034 mihi
474 1983 503 2034 in
516 1983 600 2034 rebus
614 1982 740 2034 obscuris
754 1987 785 2033 et
796 1983 911 2033 incertia

113 2064 164 2116 pro
175 2049 303 2116 Apolline
314 2055 369 2111 cst,
384 2051 651 2115 praestantissimum
664 2049 754 2100 virum
762 2055 793 2100 et
805 2061 912 2101 summa

114 2115 285 2177 eruditione,
300 2130 405 2166 summa
414 2117 528 2179 virtute,
542 2131 648 2168 summa
657 2116 793 2182 dignitate
803 2114 911 2182 praedi·

113 2189 185 2244 tum,
215 2181 382 2234 Gulielmum
406 2179 537 2235 Sirletum
561 2183 747 2245 Gardinalem,
767 2193 911 2234 commune

114 2247 201 2301 decus
211 2263 244 2300 ae
254 2248 422 2316 praesidium
433 2250 553 2310 omniurn
563 2249 726 2310 litterarum,
738 2249 911 2314 omniumque

114 2314 311 2367 litteratorum.
344 2315 386 2366 Ad
405 2330 486 2382 quem
505 2330 565 2369 cunr
584 2316 722 2368 venissem
734 2314 911 2366 sententiam-

114 2397 168 2450 que
184 2397 221 2434 ae
239 2382 407 2434 voluntatem
426 2383 514 2448 ipsius
538 2397 621 2451 super
643 2380 694 2433 bac
715 2395 746 2432 re
765 2379 910 2447 exquisiis-

114 2463 186 2511 sem,
196 2446 280 2500 homo
292 2449 425 2511 omnium,
435 2464 504 2515 quus
515 2450 633 2515 unquam
642 2447 747 2508 audivi,
761 2443 910 2496 disertissi-

109 2517 176 2566 'ruus
197 2520 226 2566 et
242 2516 273 2565 in
293 2515 411 2568 dicendo
432 2515 655 2580 copiosissimus,
676 2514 717 2564 ita
732 2509 911 2563 vehementer

114 2579 222 2700 burtppi
231 2595 275 2634 me
285 2583 392 2650 coepit,
403 2595 437 2634 nc
447 2581 564 2634 ulterius
575 2579 716 2632 differrem
727 2577 821 2628 lacere
836 2570 910 2640 quod
925 2601 928 2610 ·

115 2662 248 2716 rogaur,
