2150 3012
176 78 225 172 isi
431 110 584 166 onnrre
610 111 708 166 arn.

119 217 122 220 ’
175 215 496 288 praefui,prosingulari
504 229 572 284 erga
580 227 623 264 me
632 213 976 280 popidillomaui'earitate

175 297 208 338 ae
218 282 414 337 benevolentia
423 295 529 348 proque
542 281 669 332 niaximis
685 282 712 332 in
727 297 771 332 me
785 284 976 338 eum'aliorum

175 351 356 410 Pontificum,
373 354 431 399 turn
442 349 589 414 praecipue
604 347 735 416 Gregorii
745 348 818 400 xlll.
837 349 975 418 Principis

174 413 390 472 immortalitate¹
399 415 556 480 dignissimi
568 414 728 478 beneficiis,
744 429 778 466 eo
794 429 904 483 semper
916 419 975 470 ani·

174 501 220 538 ruo
229 479 286 545 ¹fni,
304 490 336 534 ut
345 481 380 532 de
392 481 511 532 utilitate
524 488 615 532 vestra
629 495 683 532 uon
698 481 788 534 miuus
798 497 882 550 saepe
893 499 974 552 quarn

176 552 284 607 demea
298 549 495 614 cogitaverim,
508 554 538 598 ut
552 563 690 614 nunquam
704 549 829 600 rationes
843 565 918 602 meas
928 550 974 602 ve-

175 619 240 672 stris
251 614 466 682 anteposuerim,
478 622 509 664 ut
519 629 628 680 semper
637 630 698 665 eam
708 614 974 680 docendirstionem

174 679 270 736 tenere
284 679 451 742 studuerim,
471 696 526 732 non
540 695 609 748 quae
628 687 677 732 aut
695 681 785 732 miuus
805 682 908 734 laboris
926 691 975 736 ant

173 751 236 818 plns
249 748 445 800 ostentationis
457 745 601 808 habitura,
618 746 668 798 sed
682 763 753 815 quae
766 749 844 800 robis
855 750 917 816 plus
927 765 974 801 ve·
1062 804 1063 821 χ

173 831 222 870 rae
233 830 266 868 ao
275 813 383 871 solidae
395 814 561 878 eruditionis
571 815 695 880 paritura
704 815 856 866 videretur:
869 818 909 867 ita
918 831 973 880 me,
1062 842 1063 859 1

174 879 394 949 quodreliquum
410 887 453 932 est
467 880 580 943 aetatis,
595 883 623 930 in
638 881 762 934 eiusdem
776 883 897 934 muneris
909 897 973 950 pro.

174 947 318 1000 eiuratione
338 943 450 1012 placide
475 962 507 998 ac
528 947 677 1014 tranquille
704 949 821 1014 exigere
838 950 974 1016 patiatur3

174 1012 275 1072 deinde
286 1019 390 1074 autem,
404 1020 435 1064 ut
448 1013 525 1064 robis
538 1013 663 1063 omnibus
674 1015 790 1080 inspiret
799 1030 920 1065 anmrem
931 1031 974 1066 er·

192 1095 211 1132 a
223 1077 342 1132 honesta
355 1079 448 1130 studia
464 1086 493 1130 et
511 1079 633 1144 cupidita
648 1095 689 1132 em
711 1095 745 1132 ea
759 1081 788 1132 in
801 1082 855 1132 isto
872 1083 973 1134 aetatis

174 1095 244 1198 flore
260 1146 399 1208 discendi,
419 1159 489 1212 quae
508 1145 587 1196 robis
600 1146 749 1214 aliqnando
763 1154 820 1198 tum
835 1149 973 1214 privatim,

174 1219 232 1264 turn
242 1210 353 1278 publice
365 1219 394 1264 et
404 1211 532 1264 utilitatis
544 1218 573 1262 et
587 1212 731 1279 dignitatis
746 1213 892 1280 plurimum
907 1215 974 1266 ulla·

174 1276 305 1332 turusint
347 1279 429 1342 Quod
443 1293 504 1330 cum
520 1285 598 1346 peto,
614 1294 668 1329 non
684 1286 790 1331 tantum
804 1286 909 1344 restra,
923 1281 976 1334 sed

176 1347 259 1398 etiam
271 1361 335 1400 mea
348 1361 447 1403 caussa
462 1351 538 1411 peto.
571 1345 642 1395 'Nam
663 1360 724 1398 eum
741 1349 841 1413 quietis
855 1363 888 1399 ac
900 1355 975 1400 tran-

176 1414 322 1480 quillitatis
332 1427 420 1474 meae,
435 1412 513 1462 cuius
525 1416 554 1461 et
563 1425 672 1478 semper
683 1417 781 1464 natura
791 1429 884 1466 aniam
894 1413 934 1464 fui
946 1419 976 1466 et

175 1478 228 1535 bac
245 1479 451 1550 ingravescenti
474 1482 566 1528 aetate
590 1478 715 1544 quotidie
736 1482 826 1547 magis
849 1481 974 1548 indigeo,
1011 1495 1015 1499 ’
1052 1501 1064 1548 1ς

175 1545 275 1614 niagna
285 1561 348 1613 pars
356 1546 387 1596 in
403 1559 437 1613 eo
447 1545 540 1610 posita
552 1543 603 1606 sit,
618 1550 648 1595 ut
660 1559 677 1595 a
689 1545 768 1598 vobis
783 1553 887 1599 attente
899 1562 932 1598 ae
941 1547 975 1598 li·
1063 1587 1064 1590 η

173 1613 273 1668 benten
283 1613 390 1672 audiar,
402 1625 457 1662 non
471 1610 579 1673 dubito,
595 1613 661 1678 quin
673 1612 702 1665 id
718 1611 802 1665 facile
813 1615 973 1682 impetratu·
1063 1653 1064 1658 κ

173 1689 221 1732 rus
241 1679 294 1729 sim
306 1679 340 1730 ab
358 1679 395 1729 iis
415 1677 554 1740 omuibus,
576 1679 623 1746 qui
641 1679 693 1746 ipsi
711 1681 787 1746 prius
803 1695 820 1730 a
833 1697 877 1745 se,
896 1687 927 1732 ut
941 1695 973 1732 se
1004 1689 1008 1700 ·

174 1743 278 1805 autent,
293 1759 383 1811 neque
393 1758 511 1810 unquam
525 1759 576 1812 per
589 1746 738 1798 ludibrium
752 1753 781 1798 et
790 1747 973 1814 peruicacium
1011 1773 1016 1782 ·

174 1811 258 1876 animi
272 1816 301 1860 et
316 1811 373 1862 suis
390 1817 418 1861 et
433 1811 531 1864 alicnis
552 1814 705 1865 commodis
726 1815 838 1865 obstare
852 1815 973 1882 cupiant,

173 1878 357 1941 impetrarint.
392 1878 566 1946 Quamsperu
576 1896 638 1932 curn
650 1881 684 1932 de
695 1881 783 1942 vobis,
797 1879 878 1934 huius
889 1882 974 1933 annui

173 1944 304 1995 curriculi
316 1946 405 1997 nostri
416 1945 565 2014 principio,
581 1953 612 1998 ut
621 1946 645 1996 si
655 1960 773 2011 unquam
786 1947 855 1996 alias
866 1957 915 2000 eut
925 1963 973 2028 po·

172 2011 229 2061 tius
238 2012 372 2064 maiorem
379 2027 462 2080 quarn
472 2029 589 2080 uuquam
600 2012 974 2077 alias‚animoperceper1m=
1013 2019 1015 2022 ’

174 2076 292 2129 obsecro
305 2079 486 2146 obtestorque
497 2077 555 2138 ios,
567 2079 717 2136 auditores,
727 2082 757 2124 ut
767 2075 811 2124 vel
821 2089 884 2126 mea
893 2093 974 2132 caus·
1063 2111 1064 2138 ,

173 2159 205 2195 sa
215 2147 260 2197 vel
272 2152 377 2206 restra,
395 2145 439 2194 vel
453 2143 536 2194 etiam
550 2149 593 2192 tot
606 2142 726 2193 uirorum
742 2141 877 2206 dignitate
892 2157 974 2208 pras.

172 2213 317 2274 mnrium,
333 2223 402 2276 quoe
416 2207 552 2260 hodierno
568 2209 613 2259 die
627 2207 681 2258 hue
699 2206 876 2270 convenisse,
893 2212 974 2264 etin.

171 2271 295 2328 dustriae
312 2289 391 2325 meae
402 2275 512 2326 'iudices
530 2281 613 2340 atque
633 2273 753 2324 arbitros
773 2278 801 2324 et
815 2273 974 2331 modestiae

170 2349 280 2394 vestrae
293 2346 384 2394 tester
397 2355 434 2392 vac
453 2347 629 2406 spectatores
647 2339 757 2396 lutrmos
778 2339 889 2405 ridetis,
910 2359 974 2396 eam

170 2411 251 2458 unius
263 2406 514 2480 boraeattentione
524 2409 680 2462 ausilentio
692 2407 888 2476 comprobetis.
906 2411 974 2462 Ete-

167 2472 224 2524 nim
240 2478 286 2541 qui
301 2474 485 2540 pulcerrimos
501 2483 530 2529 et
542 2493 560 2530 a
574 2491 619 2530 me
633 2490 742 2544 semper
755 2477 782 2526 in
796 2476 885 2544 prima
898 2475 973 2528 com-

166 2541 344 2600 mendatione
357 2539 467 2595 habitos
482 2543 570 2600 libres
580 2545 742 2604 Aristotelis
757 2543 791 2596 de
803 2543 925 2596 moribus
936 2543 974 2594 ad

165 2603 973 2686 &commortuumvicesimoabhincannoexhoeipoo
1062 2587 1064 2728 4
