2120 3018
201 167 256 211 vus
468 149 729 204 pauo-Eanum.

199 255 275 314 divit
293 274 361 314 eum
378 255 517 332 religiosa
529 254 668 330 quaedam
682 273 752 334 erga
766 258 913 334 egregium
926 255 1006 322 illuns

200 340 309 396 dictum
326 341 389 397 sive
408 337 516 396 Pittaci
533 336 702 414 Mitylenaei
722 340 784 420 sive
803 337 917 396 Solonis
935 343 993 397 sive

198 423 271 478 alius
286 422 461 494 cuiuspiam,
478 417 575 490 μηδὲν
593 411 692 492 dyas!
709 421 906 494 observantia,
924 431 991 494 tum,

196 522 253 580 qua
279 505 311 559 in
336 500 499 558 0010000010
525 500 581 558 boc
597 504 744 560 volumine
764 507 991 579 cncnmscriptus'

196 597 296 642 teneor
313 585 371 640 loci
387 585 532 660 angirstia
577 585 673 650 Quare
699 589 778 642 omui
806 587 991 644 confundendi

195 671 342 742 lineasque
372 669 462 724 instas
491 667 672 724 mansiliendi
703 668 841 726 facultate
865 674 1006 748 praecisa¹

195 750 318 808 mediam
327 747 469 823 quandam
482 750 560 806 viam
573 752 721 826 ingressus
732 753 856 826 primum
871 770 916 808 eas
929 761 990 807 tan-

102 841 103 846 ’
195 845 257 890 tum
269 830 462 906 praefationes
475 833 653 907 recipiendas
668 832 879 910 affigendasque
893 837 987 890 existi·

195 916 283 985 mavi,
296 932 366 990 quas
381 913 536 970 editionem
551 913 677 990 Operum
687 915 794 974 Mureti
801 916 991 973 veronensem

195 997 373 1055 orationibus
391 997 461 1072 ipsis
484 998 608 1054 insertas
632 998 768 1055 exhibere
789 1000 866 1072 vidi3
887 998 991 1055 deinde

195 1099 233 1138 ex
258 1080 333 1136 libro
347 1081 513 1138 utilissimo:
540 1078 731 1156 Eloquentiae
748 1079 883 1156 Latinae
899 1100 991 1138 exem-

191 1161 245 1241 pla
266 1193 302 1204 -
322 1160 445 1219 collecta
464 1162 500 1219 ab
517 1161 652 1240 Augusto
670 1160 820 1222 Matthiae
838 1163 906 1220 duas
929 1166 992 1219 illas

130 1241 134 1251 '
194 1245 386 1322 praefationes
404 1246 436 1300 in
451 1242 650 1302 catilinarium
664 1244 811 1304 Ciceronis
829 1249 943 1304 tertiam
964 1256 992 1302 et

194 1337 341 1406 quartam,
366 1336 466 1404 utpote
483 1346 555 1405 quae
574 1331 652 1386 solae
667 1348 719 1405 per
732 1331 916 1404 epistolarum
928 1327 992 1388 Mu·

194 1415 250 1470 teti
269 1429 354 1488 quam
374 1411 435 1468 dixi
460 1403 616 1469 editionem
639 1415 776 1488 potestati
801 1432 881 1470 meae
899 1424 994 1469 essent

193 1498 313 1555 relictae
319 1491 362 1575 a),
376 1495 412 1551 ad
420 1503 516 1571 partes
529 1514 608 1552 meas
617 1496 783 1568 transduxi3
797 1495 995 1554 (1000001001-

193 1597 248 1655 qne
271 1579 379 1635 iudicio
399 1586 585 1644 accesserunt
607 1578 799 1652 praefationes
824 1581 857 1635 in
882 1577 996 1634 easdem

194 1659 378 1718 Catilinarias
392 1661 515 1734 primam
529 1668 558 1716 et
571 1661 735 1733 secundam,
753 1669 838 1738 atque
851 1677 935 1734 quarn
949 1660 997 1715 in-

192 1743 294 1800 scribit
307 1739 436 1800 Muretus
451 1741 628 1798 auditoribus
641 1745 700 1800 suis
728 1741 935 1806 commendatio
950 1743 998 1798 in-

191 1823 501 1901 terpretationisslibri
522 1827 615 1902 quinti
638 1825 801 1896 Aristotelis
824 1821 1006 1888 Ethicorunr}

191 1907 320 1966 Latinae.
406 1951 411 1958 .
500 1975 501 1980 Ἰ
981 1905 1006 1986 ‘f

231 1990 331 2064 iniis,
350 2009 424 2068 qnae
438 1990 475 2050 ad
488 1994 595 2050 calcem
609 1994 758 2069 utriusque
770 1981 926 2050 voluminis
940 1993 1006 2070 apg]

189 2075 287 2133 denda
304 2075 491 2150 videbuntur⁹
519 2077 651 2154 congessi
675 2093 723 2145 ea,
750 2092 823 2150 quae
850 2079 900 2128 aut
927 2090 996 2148 capp

189 2157 312 2232 quodam
338 2160 370 2215 in
396 2159 561 2216 0110000010
587 2175 662 2214 nova
681 2155 807 2214 editione
830 2153 1006 2244 orationupp⁴¹

230 2291 251 2345 ⁸)
263 2289 376 2336 Exhibuit
385 2292 421 2336 vir
429 2290 471 2336 1110
480 2289 641 2335 celeberrimos
650 2286 675 2328 in
680 2281 788 2340 aaampls's
796 2282 940 2342 eloquentiae
945 2261 996 2330 Laii
1005 2315 1006 2320 ,

188 2345 251 2392 cesae
264 2353 357 2403 praeter
370 2349 527 2404 praefationes
541 2345 566 2388 in
579 2343 671 2386 tertiam
684 2344 708 2384 et
722 2344 824 2393 quartam
833 2342 999 2441 eiectantem}

188 2401 311 2447 Catilinam
322 2407 443 2451 orationes,
453 2403 522 2455 idque
532 2397 643 2452 singulari
650 2393 827 2494 praefationum
836 2397 929 2442 Mureti
937 2400 955 2442 ti

186 2458 222 2508 io,
235 2452 649 2503 (1011001100000001101100011100010
660 2453 706 2496 lum
716 2459 740 2496 01
748 2453 773 2496 in
782 2453 943 2510 Propertium,
958 2451 997 2497 cot

186 2515 277 2568 1100000
287 2514 442 2558 commentarii
451 2513 476 2554 ia
485 2512 581 2564 qsmtuor
591 2509 709 2553 ciceronis
719 2508 873 2562 Catilinariss.
903 2509 952 2554 Sed
965 2512 1006 2562 sle}

185 2568 221 2612 bis
236 2572 362 2624 ceterisque
377 2570 427 2611 cius
437 2568 526 2620 generis
536 2567 700 2622 scriptionibus
709 2567 816 2611 lectorem
826 2569 855 2612 acl
864 2565 1006 2613 editionem]

186 2624 336 2680 epistolarum
345 2624 431 2667 Mureti
438 2622 629 2667 Taucbnitianam
640 2621 692 2682 (lib.
701 2623 733 2671 li·
744 2627 767 2668 01
773 2621 827 2686 lli.)
838 2623 996 2680 ablegandum

186 2693 244 2732 asse,
259 2692 329 2735 snpra
337 2677 459 2733 aliquoties
469 2681 576 2726 monitum
587 2684 630 2726 est.
