2120 3018
343 177 597 236 onnrrovnr.
829 160 866 236 tr

72 279 377 348 contempsissetatquc
395 279 545 332 abiecisset
557 279 653 342 Plato,
670 285 703 332 ut
715 280 744 331 in
756 281 865 350 Gorgia

73 363 130 401 eam
140 363 201 406 cunr
218 353 278 398 arte
290 361 443 413 ,coquorum
457 352 659 413 comparasset,
675 361 776 412 easque
791 350 865 401 inter

72 430 101 466 se
119 415 298 481 proportione
311 413 481 479 respondere
494 413 621 476 dixisset.
655 413 758 464 Merito
773 420 866 466 nutem

72 495 169 548 magna
180 484 236 532 iani
250 485 307 534 tum
321 486 381 530 erat
397 479 523 530 Platonis
538 481 699 531 auctoritas.
735 479 790 531 Sed
804 495 866 532 curn

69 549 142 599 idern
153 547 201 598 ille
211 545 366 597 rhetorices
381 545 674 612 exagitatorPlntoll,
692 545 866 598 dialecticam
900 584 905 597 s

70 615 182 668 aurnuris
200 613 329 664 laudibus
348 611 505 674 affecisset,
529 627 635 663 summo
659 613 778 664 artificio
797 613 867 666 iecit

70 681 251 742 Aristoteles,
269 686 300 730 ut
315 680 420 746 inipso
435 679 527 745 operis
539 680 582 730 sni
596 679 734 730 vestibulo
747 678 866 732 rhetori·

72 761 130 798 cnm
139 753 266 798 nonnum
276 749 335 799 arte
347 760 510 812 coquorum,
518 751 549 796 ut
557 745 607 796 illc
617 746 734 808 dixerat,
745 748 867 799 sedeunt

72 828 118 875 ea,
144 829 224 880 qnam
245 813 305 878 ipse
325 811 454 864 laudibus
472 812 501 862 in
520 812 628 864 coelum
646 814 762 876 oderat,
786 829 867 880 quern

72 879 211 946 fastigium
222 880 341 930 oninium
354 879 561 944 disciplinarum
569 885 733 942 rocererat,
742 881 866 932 dialecti·
892 905 896 910 ·

75 961 105 998 cn
123 961 158 998 ex
178 960 270 1012 aequo
292 944 489 996 conferendam
511 959 544 996 ac
566 947 777 1013 comperandum
805 961 867 1000 esse
923 973 928 991 x

74 1013 263 1074 contenderet,
272 1011 356 1078 idque
365 1013 439 1063 veris
450 1027 483 1062 ac
494 1011 593 1064 solidis
603 1015 773 1080 argumentis
785 1015 868 1066 (loce

73 1086 122 1132 ret.
154 1079 266 1132 Deinde
282 1081 347 1146 quie
359 1079 432 1134 ideal
442 1079 524 1132 Plato
537 1077 705 1131 rhetoricam
720 1081 754 1130 ab
767 1081 867 1132 srfiunr

73 1161 183 1198 nurnero
199 1145 360 1198 excluserat
373 1159 488 1212 eamque
502 1161 580 1198 usum
595 1148 678 1198 modo
690 1148 825 1213 quendem
839 1154 868 1198 et

71 1215 301 1266 exercitationem
323 1225 399 1278 esse,
429 1213 497 1263 artis
523 1225 556 1280 ae
577 1215 695 1264 rationis
715 1219 867 1281 expertein,

74 1279 190 1332 dixerat:
211 1279 336 1332 obiicere
350 1279 450 1344 aliquis
461 1278 607 1336 Aristoteli
621 1286 744 1346 poterat,
763 1280 868 1344 frustra

75 1359 134 1396 euru
146 1348 175 1398 in
186 1361 220 1397 ea
230 1361 263 1396 re
272 1343 356 1400 certis
367 1345 610 1412 praeceptionibus
623 1345 764 1413 alliganda
777 1362 812 1400 ac
820 1347 867 1398 ‹le-

70 1413 215 1464 'rinciende
234 1411 373 1474 laborare,
394 1425 464 1478 quac
483 1427 535 1462 usu
548 1416 656 1472 tantum
674 1413 793 1480 quodam
805 1413 867 1467 sina

73 1479 128 1530 ulla
155 1479 371 1531 ueneratione
402 1478 600 1530 contineretur.
646 1478 735 1539 Quane
774 1492 867 1546 repre·

73 1542 233 1598 bansionem
258 1545 299 1596 ita
326 1559 446 1596 suminus
477 1541 658 1610 pbilosopbus
685 1560 703 1596 e
729 1559 762 1595 se
792 1547 867 1596 ernoss
960 1603 969 1610 ,

72 1610 201 1674 liebatur,
230 1616 262 1663 ut
285 1611 417 1674 doceret,
446 1611 683 1680 quaecunquesab
710 1609 867 1664 hominibus

73 1678 111 1728 ita
121 1679 227 1742 fierent,
239 1683 270 1728 ut
278 1679 326 1730 alli
337 1685 441 1730 temere
453 1693 486 1730 nc
495 1677 621 1739 fortuito,
631 1679 681 1730 alii
691 1679 868 1732 exercitatio·

73 1759 107 1796 ne
117 1752 144 1798 et
154 1746 302 1813 diligentia
311 1733 435 1802 adbibita
443 1745 517 1796 idern
527 1746 678 1797 efficerent:
695 1747 731 1798 iis
740 1747 769 1798 in
782 1747 867 1798 onini-
893 1741 894 1744 ’
971 1785 983 1806 ,

73 1810 123 1862 bus
133 1826 258 1864 caussam
268 1812 359 1866 notari
373 1812 568 1879 observarique
583 1827 680 1878 posse,
694 1829 744 1865 eur
756 1814 796 1864 ite
805 1827 867 1864 ere-

75 1877 155 1941 niret;
174 1893 290 1932 caussae
303 1885 408 1940 auten,
419 1893 467 1930 cnr
477 1879 598 1945 quidque
607 1881 667 1941 liet,
679 1881 868 1947 cognitionem

76 1956 108 1994 ac
120 1944 406 2011 comprehensionem,
426 1953 455 1996 et
464 1947 583 1998 omnium
599 1952 630 2002 et
640 1946 766 1998 Plutonis
778 1948 868 2014 ipsius

76 2009 249 2066 confessione
260 2016 402 2079 proprium
411 2013 541 2079 quiddanr
551 2013 619 2063 actis
630 2027 706 2076 esse;
724 2014 868 2080 exquibus

77 2075 160 2140 effici,
176 2085 224 2132 ant
234 2079 326 2133 ‘arteris
335 2081 393 2130 iano
406 2093 471 2130 esse
481 2079 665 2142 rhetoricatur,
677 2085 730 2130 eut·
740 2087 830 2144 certe,
842 2083 869 2133 si

77 2141 136 2205 quie
155 2144 183 2196 in
196 2159 257 2196 earu
270 2161 362 2196 curarn
374 2147 559 2207 incumberet,
578 2145 662 2198 ineile
678 2148 713 2198 ael
729 2147 796 2198 artis
810 2146 868 2198 ior·
947 2164 952 2170 ¹

77 2221 145 2258 niani
166 2225 249 2276 posse
270 2213 406 2264 revocari.
441 2212 513 2264 Narn
534 2213 609 2279 quod
632 2215 745 2266 tertione
769 2213 868 2266 alteru

77 2280 195 2353 poterat,
215 2280 273 2330 sive
284 2279 334 2330 illa
345 2285 477 2332 measet
489 2283 549 2332 aire
563 2281 652 2332 erinna
659 2317 670 2343 ,
681 2281 754 2332 entis
764 2281 867 2334 multos

76 2340 149 2394 illius
168 2345 297 2400 doctores
316 2361 349 2398 ac
370 2348 520 2413 magisteos
544 2348 701 2410 exstitim,
718 2353 749 2398 ut
768 2363 868 2399 casua

75 2421 127 2458 non
138 2419 221 2476 esset,
229 2427 277 2464 cur
287 2412 333 2464 bic
342 2421 437 2464 noster
447 2419 540 2464 actum
548 2428 631 2480 agere
642 2421 672 2466 ct
680 2429 752 2480 qnae
761 2415 795 2466 ab
803 2413 866 2466 aliis

76 2475 158 2529 toties
177 2479 323 2532 decantata
335 2495 368 2530 nc
381 2481 501 2546 repetita
514 2487 607 2544 erant,
625 2482 716 2532 denno
730 2493 866 2544 reponere

76 2546 155 2608 etque
165 2545 266 2599 iterare
276 2547 376 2599 velletr
391 2547 420 2598 irl
429 2547 489 2613 ipse
499 2546 868 2608 itareiutabatmttlieeret,

76 2606 144 2667 alios
163 2619 226 2667 anre
244 2628 274 2668 se
289 2628 387 2674 omnes
397 2613 621 2678 sutpanicnlsrs
633 2613 716 2664 niodo
731 2609 865 2676 quendam
924 2635 926 2642 ·

101 2686 123 2742 'J
137 2687 184 2734 Cic.
194 2693 249 2736 urat,
260 2690 321 2746 w.
327 2689 398 2734 Pluto
405 2713 435 2726 ι-
443 2689 578 2746 emebatur
587 2691 683 2795 οηέιῐὲιι
690 2684 817 2748 fletum
851 2721 853 2728 .
