2150 3012
115 147 119 152 ’
187 147 220 200 ss
270 127 282 144 '
403 101 408 107 ’
475 145 740 202 osamoxi..

253 245 389 300 minem
397 246 523 300 demodis:
541 247 663 314 agitante
673 246 823 298 eahaeimas
832 247 886 300 saa.

288 313 397 368 Sedibus
407 313 531 380 aetheriis
540 312 648 380 spiritus
657 311 700 364 ills
709 313 819 378 Μὶν).

186 415 327 482 multaque
343 414 378 464 sd
391 413 506 464 eundem
518 413 645 476 modum;
664 411 883 477 etPindarus**)
901 425 935 466 eo
951 429 985 467 se

185 481 278 533 Bacch
302 481 351 532 iidi
367 475 522 547 anteponit,
540 479 617 546 quod,
626 481 687 545 ipse
701 479 812 546 quidem
826 487 925 530 natura
937 495 985 532 vs-

185 549 256 610 leat,
296 545 457 612 acehylides
472 551 531 595 ante
545 545 677 598 subnixus
696 552 801 598 temere
819 547 906 598 multa
919 561 984 614 pro·

186 613 295 666 fundat:
314 614 409 679 itaque
428 617 534 662 tautum
552 612 688 666 interesse
706 611 780 662 inter
798 626 828 664 se
848 619 880 678 et¹
895 611 983 674 iilum,

187 687 318 748 quantum
326 679 400 728 inter
409 679 529 744 aquilam
540 684 569 728 et
578 692 690 740 corvos,
705 669 850 745 gloriatur.
884 677 984 760 Neque

188 754 323 798 autmons
332 745 381 796 ille
392 744 497 809 duplici
506 745 610 795 semine
620 745 750 810 insignis,
761 751 808 796 aut
817 743 892 807 fons,
904 760 984 798 ouius

188 811 289 864 haustu
300 814 399 877 podtas
414 813 476 862 deri
487 811 577 871 siunt,
598 810 747 878 quidquam
761 811 836 862 aliud
850 811 983 875 indicant,

188 893 269 946 quam
282 891 331 929 eos
345 891 399 928 non
412 883 473 931 ante
488 883 516 928 et
526 875 673 940 industria,
689 878 739 929 sed
755 877 848 929 divino
863 876 985 944 quodam

188 945 286 1012 spiritu
299 950 327 994 et
335 943 469 998 instinctu
477 943 580 996 valere.
615 943 652 994 Et
665 951 740 994 cente
751 945 984 1010 praestantissimi

186 1010 343 1078 posterum,
354 1009 494 1077 Orpheus,
506 1008 607 1071 Linus,
618 1009 749 1076 Musaeus
764 1017 793 1061 et
801 1009 850 1062 iile
862 1011 984 1064 omnium

186 1090 288 1146 parens
306 1076 446 1128 Homerus
462 1075 559 1128 multis
578 1082 642 1127 aute
663 1077 783 1128 saeculis
806 1079 982 1139 exstiterunt,

186 1156 269 1209 quam
287 1143 346 1194 ulla
361 1147 510 1210 praecepta
522 1142 647 1209 poetices
666 1144 769 1194 tradita
788 1149 890 1196 essent.
926 1143 983 1196 Sed

188 1217 280 1261 tamen
293 1211 318 1261 si
330 1215 445 1261 naturae
459 1215 565 1260 tantum
580 1215 608 1260 et
620 1210 738 1277 ingenii,
757 1210 891 1262 nonestis
903 1211 984 1261 etiu-

189 1275 312 1329 dustriae
322 1277 434 1344 poetica
446 1281 503 1337 est,
517 1275 583 1392 Ἦιίᾱ
596 1281 653 1338 est,
669 1277 743 1393 quod
760 1291 880 1328 summus
895 1274 984 1344 phito-

187 1340 306 1409 sophus,
320 1343 487 1395 Aristoteles
501 1342 521 1393 li
541 1357 588 1393 ros
598 1349 657 1396 tres

691 1348 779 1397 esrte
792 1343 903 1411 poetica
916 1343 985 1394 seri·
1059 1363 1060 1370 ¹

189 1408 261 1476 psiti
289 1407 363 1477 quod
373 1410 470 1478 optimi
478 1412 579 1475 poetae
593 1409 707 1460 Horatii
715 1409 827 1461 libellus
838 1409 873 1460 de
884 1409 984 1461 eodem
1052 1441 1055 1447 -

190 1483 353 1544 argumento
367 1478 486 1544 scriptus
499 1475 626 1528 manibus
636 1477 753 1533 tesiturt
770 1477 857 1543 quod,
869 1483 901 1526 ut
911 1481 986 1527 cete-

189 1544 339 1605 resumito
348 1542 547 1610 huiusquoque
557 1541 851 1611 facultatispraeoepta
859 1541 986 1610 quotidie

190 1609 225 1659 ab
241 1607 399 1663 hominibus
418 1608 613 1660 eruditissimis
634 1624 739 1662 sunimo
759 1611 851 1662 studio
870 1609 988 1660 tractari

189 1675 330 1728 videmust
363 1678 403 1730 An
413 1675 482 1726 illud
498 1676 589 1726 vetius
605 1681 660 1736 est,
679 1682 709 1725 ut
721 1676 749 1725 in
766 1683 889 1736 oratore,
903 1677 944 1728 sio
955 1676 987 1726 in
1058 1693 1059 1700 ¹

189 1743 286 1859 foeta,
300 1743 347 1808 qui
358 1743 463 1793 oratori
475 1742 562 1791 affinis
573 1738 775 1806 quodammodo
789 1749 817 1793 et
827 1744 859 1792 in·
867 1742 986 1796 dissimi-

201 1823 211 1858 1
230 1823 333 1876 geuene
353 1808 507 1862 simillimus
528 1811 582 1866 est,
603 1812 632 1856 et
646 1812 761 1858 naturae
780 1814 863 1875 atque
878 1809 986 1874 ingenii
1057 1859 1058 1864 χ

189 1876 386 1942 praestantiam
407 1879 537 1930 stantem
551 1877 697 1938 praeterea
711 1873 846 1942 quandam
861 1889 893 1924 ac
906 1889 987 1941 pm.
1057 1871 1058 1900 t

191 1947 334 2008 ceptorum
348 1940 569 1993 observationem
584 1937 703 2002 requirit
726 1939 768 1992 lta
783 1939 895 2005 quidem
908 1947 986 1992 certe

191 2008 277 2059 sentit
285 2005 491 2068 Horatius***),
509 2005 587 2054 euius
598 2003 648 2054 illa
657 2011 731 2056 sunt:

242 2101 349 2156 Natura
351 2100 436 2168 fieret
444 2099 574 2152 laudabile
584 2117 703 2164 carnaea,
714 2119 749 2154 aa
758 2110 826 2160 orte,

244 2168 398 2232 Quaesitum
408 2176 454 2218 est.
483 2165 547 2234 Ego
558 2183 606 2220 nec
614 2167 729 2218 studium
738 2167 794 2218 sim
804 2161 882 2216 disits
892 2177 968 2229 vena,

242 2233 298 2286 Nec
308 2234 372 2286 rada
383 2233 540 2301 qnidprosit
548 2234 622 2285 niden
632 2234 785 2312 ingenium
802 2227 913 2284 alterius
920 2228 959 2284 εἰσ

241 2299 428 2367 Alteraposcit
436 2316 511 2369 opem
521 2316 562 2352 raa
576 2310 602 2354 et
611 2299 835 2356 coasnratams'ce.

121 2435 126 2454 ,
189 2397 343 2452 Fatendum
358 2408 450 2454 tamen
463 2399 668 2466 fortassis‘est‚
687 2403 750 2472 plus
765 2403 793 2456 in
808 2401 893 2470 poeta
907 2399 985 2470 inge·
1054 2411 1055 2416 ’

210 2561 213 2566 1
236 2533 257 2586 ⁸)
273 2533 337 2578 ovid.
347 2533 410 2578 sut.
418 2533 460 2579 v1.
471 2537 492 2579 d.

227 2590 258 2643 ¹⁸)
274 2587 363 2645 olymp.
374 2589 406 2634 Π.
419 2595 464 2636 idi.
474 2604 516 2649 sqq

219 2646 259 2700 ¹¹⁸)
275 2644 303 2688 Δ.
312 2645 339 2689 Ρ.
349 2650 398 2691 408.
409 2659 458 2706 sqq.

1050 2579 1054 2779 i
