2120 3018
172 145 207 200 tt
431 129 434 134 ’
473 138 625 194 orario
642 138 676 194 v.

101 253 105 261 '
172 245 218 298 bri
231 243 369 296 instructa
381 244 410 294 et
423 247 559 294 exornata
573 241 707 294 Pandora·
716 248 773 304 est,
792 243 858 310 quid
871 257 928 296 nou
940 245 976 300 ab

173 310 351 364 camelorum
362 323 396 360 ac
404 309 592 360 calamitatum
603 309 791 375 pertulerunti
809 310 977 364 Grataenim

174 385 203 432 et
213 378 323 442 accepti
338 375 467 427 beneficii
478 389 584 427 memor
599 375 710 426 alunrna
726 391 782 428 nen
795 377 906 429 aliunde
922 379 977 432 sibi

193 448 281 506 otius,
314 457 377 494 uam
389 456 406 492 a
417 442 477 492 lare
491 447 550 503 aut,
570 448 602 494 ut
613 443 667 507 ipsi
680 442 846 509 loquuntur,
859 460 876 494 a
887 443 977 498 Vesta

171 460 359 579 rocipienaum
369 509 486 575 putavit,
505 515 534 560 et
543 508 687 562 altricibus
702 511 761 560 suis
770 509 886 562 Athenis
897 526 977 577 egre·

172 580 220 648 gia
230 591 297 631 sane
307 575 427 627 nutricia
435 575 579 641 persolvit.
614 575 977 644 Namquibuscunquetem·

191 644 328 696 estatibus
347 657 380 692 ac
393 641 527 708 procellis
539 640 747 694 Atheniensium
761 651 861 696 vexata
880 659 976 711 respu-

170 659 247 764 Krios
256 715 312 770 est,
331 723 425 760 earum
440 709 525 776 longe
537 710 685 762 maximam
698 717 805 777 partem
815 712 976 764 oratoribus

172 779 231 830 suis
253 783 397 843 acceptam
417 775 492 826 ferre
514 777 693 829 meritissimo
717 785 818 844 potest.
850 777 976 839 Quorum

172 845 257 898 etiam
266 859 351 906 unus,
365 849 395 894 ut
404 842 574 904 Enceladus,
585 845 630 894 cui
639 859 718 894 mons
728 843 974 909 Aetnsimpositus

173 917 229 973 est,
247 910 357 976 quoties
369 924 400 960 se
411 910 569 968 commorit,
586 913 674 960 totam
687 910 813 962 Siciliam
824 917 974 964 concutere

173 979 288 1030 dicitur:
305 977 346 1027 ita
355 976 415 1040 ipse
429 991 492 1026 cunr
501 989 531 1024 se
542 974 660 1026 dicendo
674 977 850 1039 incitaverat,
865 978 975 1045 univer7

172 1059 231 1094 sam
241 1043 411 1110 permiscere
420 1056 453 1092 sc
463 1040 625 1108 perturbare
636 1042 782 1096 Graeciam
791 1043 974 1108 dicebatur*).

172 1111 208 1162 llt
220 1125 253 1162 ea
262 1111 424 1176 ipsatameo
434 1109 464 1160 in
480 1109 591 1160 civitate
605 1111 640 1160 ab
652 1111 799 1178 Areopago
813 1111 975 1179 eloquentia

172 1177 325 1230 exsulabat
355 1176 437 1238 Quod
448 1176 520 1228 enim
527 1177 658 1243 templum
668 1178 792 1230 iustitiae
803 1178 973 1240 dicaverant,

169 1247 200 1296 in
217 1244 247 1296 id
266 1250 362 1312 patere
378 1243 483 1296 aditum
494 1244 661 1296 iudiciorum
678 1245 844 1311 corruptrici
855 1243 897 1308 “l
914 1244 973 1295 elo·

190 1313 301 1363 uentiae
316 1311 474 1363 noluerunt
508 1310 578 1364 Nam
595 1312 672 1379 quod
690 1327 707 1362 a
725 1312 819 1364 multis
837 1325 973 1378 persaepe
995 1319 1001 1324 “
1053 1315 1054 1372 ζ

171 1327 275 1431 giorum
289 1385 345 1441 est,
359 1394 416 1430 non
430 1379 606 1445 eloquentiae
619 1380 702 1430 istam
711 1378 819 1444 culpam
830 1393 907 1440 esse,
922 1377 973 1430 sed

170 1443 312 1498 hominum
329 1459 465 1508 easecus,
481 1461 561 1513 quam
573 1449 698 1511 oportet,
718 1445 864 1508 utentium3
882 1445 973 1510 ipsius
1053 1467 1054 1496 ;

171 1513 281 1580 quidem
292 1512 364 1566 hunc
374 1528 436 1566 esse
447 1515 538 1573 tinem,
550 1518 580 1564 ut
588 1513 775 1573 innocentiae,
787 1527 843 1564 non
853 1511 973 1578 flagitio,

170 1589 202 1631 ut
211 1581 359 1647 aequitati,
369 1596 425 1633 non
434 1579 602 1639 iniustitiae,
612 1583 644 1628 ut
653 1579 778 1640 veritati,
792 1594 849 1630 non
857 1585 889 1630 ut
898 1592 974 1629 nien·

171 1646 251 1700 dacio
272 1648 474 1714 patrocinatum
492 1644 648 1708 rideamus,
664 1659 699 1696 ne
719 1644 803 1699 rebus
820 1646 890 1713 ipsis
902 1643 973 1700 haec

171 1715 262 1765 oratio
276 1714 432 1766 refellatur.
969 1715 972 1720 “

203 1778 343 1840 Veritatis„
353 1794 403 1846 per
415 1791 446 1828 se
458 1775 614 1842 magnario
628 1780 684 1840 est,
703 1776 745 1829 ita
756 1784 789 1832 ut
801 1781 859 1832 suis
872 1777 973 1846 opibus

170 1846 292 1913 pallens,
306 1847 365 1898 sais
380 1843 469 1910 copiis
486 1841 572 1905 freta,
585 1843 643 1895 suis
656 1847 804 1911 praesidiis
818 1847 909 1908 firma,
922 1853 974 1900 eut

170 1912 254 1977 nihil,
276 1920 325 1965 aut
341 1925 396 1963 nen
415 1907 564 1961 admodum
580 1917 695 1964 externa
710 1915 814 1966 auxilia
827 1914 973 1980 requirere

170 1981 311 2032 videatne·
341 1979 437 2042 ltaque
453 1975 526 2027 idem
536 1977 597 2040 ille,
612 1982 838 2048 queniprincipie
848 1980 974 2032 nomina·

170 2047 210 2108 ri,
224 2044 373 2111 Euripides
384 2041 510 2094 veritatis
520 2045 671 2114 simplicem
682 2062 745 2100 esse
756 2047 974 2110 alterationem,

169 2127 260 2180 oeque
281 2111 348 2163 ullis
374 2110 584 2166 medicamentis
607 2129 640 2167 ac
662 2112 809 2166 lenociniis
832 2109 972 2175 indigere.

170 2179 267 2260 Neque
278 2179 422 2244 quisquam
432 2194 551 2247 unquam
561 2196 592 2234 se
602 2188 874 2252 oratormagnopere
884 2176 975 2230 iacta·
1042 2183 1050 2249 .'

170 2251 253 2305 rent,
269 2244 343 2309 quod
356 2257 450 2298 veram
463 2249 600 2301 etiustam
614 2259 739 2298 caussam
752 2241 915 2308 ebtmuerit3
934 2261 972 2300 ne

170 2312 319 2380 dignantur
340 2313 451 2382 quidem
473 2315 511 2368 ad
532 2329 592 2378 eas,
623 2325 694 2381 quse
717 2305 876 2362 huiusmodi
895 2319 970 2380 suot,

206 2441 229 2496 ⁸)
244 2442 361 2504 Afittoplr.
371 2447 470 2493 Acheru.
480 2448 530 2490 530.

330 2535 439 2576 menatem
448 2530 471 2581 io
487 2534 500 2580 ri
508 2527 619 2579 Πιρικίὅης
627 2519 743 2590 palliantes

329 2581 463 2634 ἤστραπτ’,ἱ
476 2577 552 2628 piosa.
561 2577 660 2628 ξννανκα
670 2577 808 2632 alawih.

196 2663 228 2719 “l
244 2660 293 2708 (lio.
302 2659 331 2706 ad
341 2663 368 2712 α.
378 2661 443 2706 trstr.
454 2673 491 2719 ep.
502 2663 522 2704 l.
532 2658 553 2715 ς.
565 2660 598 2705 li.
