2140 3010
170 117 222 172 252
307 118 312 127 ’
414 113 643 171 PRAEFATIO
660 115 784 169 Vlllw

170 235 236 342 gro,
256 225 304 271 aut
314 218 342 270 in
353 219 432 270 renis
444 233 476 270 ac
486 217 639 271 visceribus
651 217 799 270 conclusus
811 217 889 270 calor
899 219 975 272 labe·

203 294 260 339 ctat
270 301 318 338 eas
328 293 435 354 partes,
456 287 555 354 quibus
569 285 628 336 rita
640 287 790 353 praecipue
803 287 974 351 continetur,

171 355 325 408 remedium
345 351 465 406 ei'malo
481 352 619 414 adbiberi,
639 353 693 402 uisi
707 353 742 404 ab
753 350 865 406 homine
882 355 973 420 perito

172 430 256 490 atque
267 421 433 484 exercitato,
442 434 497 471 non
507 425 613 487 potest:
625 420 665 471 sic
675 419 824 471 iuratione
834 419 974 486 gerendae

172 491 213 542 te'
236 490 345 540 ublicae
365 488 507 539 debellare
523 486 619 538 hostes
634 493 779 548 externos,
801 493 829 538 et
843 487 919 552 quod
932 487 975 536 illi

119 567 120 572 ’
172 559 240 609 mei
254 555 360 607 civibus
374 555 431 605 tuis
447 553 644 615 moliebantur,
661 553 691 604 ld
704 554 734 604 in
744 555 870 620 ipsorum
883 553 976 620 capito

173 630 350 684 convertere,
369 623 392 672 si
403 622 492 673 minus
503 621 587 672 facile
598 628 653 683 est,
672 621 808 672 eiusmodi
819 623 911 670 tamen
923 627 974 680 est,

173 698 206 743 ut
214 689 340 742 humanis
349 688 454 740 viribus
465 689 536 740 effici
547 702 630 754 posse
642 687 776 740 rideatur.
795 689 829 738 At
840 687 886 738 ubi
897 688 974 758 ipsae

172 759 247 810 inter
261 771 291 808 se
306 754 444 806 dissident
457 753 627 820 reipublicae
640 762 747 822 partes,
769 761 797 804 et
811 754 922 821 quidem
934 754 977 804 ita

175 825 322 884 dissident,
336 829 367 873 ut
380 821 479 888 quibus
493 821 522 872 in
535 822 720 873 totaciritate
732 821 878 888 plurimum
891 821 975 871 animi

173 898 257 959 atque
271 888 402 940 audaciae
420 895 476 952 cst,
491 889 513 938 ii
526 890 667 940 coniuncti
683 905 719 940 uc
734 889 887 940 consociati
902 887 976 952 iuter

174 973 205 1009 se
225 956 451 1008 obstinatissime
465 957 556 1006 animo
576 963 683 1021 pestem
697 957 800 1008 ceteris
819 961 903 1023 atque
917 957 975 1008 exi·

174 1027 244 1076 tium
254 1019 459 1074 machinentur:
472 1022 704 1089 deumprolecto,
714 1024 875 1085 Maeoniae,
893 1023 976 1074 deum

175 1090 327 1159 quendam,
347 1105 402 1142 non
413 1088 565 1152 hominem,
585 1105 647 1142 esse
660 1096 784 1156 oportet,
800 1091 885 1157 quiin
895 1095 975 1141 tanto

174 1165 286 1224 tamque
329 1158 444 1226 ancipiti
464 1157 622 1210 discrimine
642 1165 744 1209 statum
765 1158 887 1210 civitatis
906 1157 977 1209 iute-

175 1239 254 1292 grum
275 1231 358 1292 atque
370 1226 537 1278 ineolumem
550 1230 683 1290 praestet.
720 1225 762 1276 Ea
776 1221 840 1276 r'ero
854 1224 915 1276 laus
931 1225 978 1276 cui

195 1291 269 1344 otius
281 1307 362 1358 quam
372 1292 500 1343 Ciceroni
511 1291 658 1342 tribuenda
668 1292 716 1355 sit,
736 1292 873 1346 nemiuem
883 1289 977 1342 video.

115 1365 117 1368 '
174 1308 253 1412 {inm
269 1359 343 1412 enim
357 1359 489 1410 latentem
503 1357 593 1410 adhue
607 1365 690 1426 atque
701 1358 840 1411 occultam
851 1358 979 1410 coniura-

176 1429 283 1479 tionem
302 1423 438 1492 singulari
459 1424 637 1490 proridentia
656 1426 857 1494 vigilantiaque
882 1425 980 1490 depre-

177 1491 275 1544 hendit
289 1507 322 1544 ac
336 1491 465 1558 protulit,
484 1499 640 1544 nrarrantem
658 1500 871 1560 serpentemque
884 1489 981 1558 paula-

178 1562 228 1612 tim
242 1559 354 1625 longius
370 1560 548 1626 conspressit,
566 1558 673 1612 fractos
688 1575 721 1612 ac
732 1560 894 1613 debilitatos
904 1566 983 1612 nictu

177 1632 293 1695 propter
313 1624 475 1680 inusitatam
497 1626 614 1693 periculi
637 1627 857 1693 magnitudinem
878 1627 982 1678 civium

178 1694 286 1744 animos
300 1692 486 1756 confirmavit,
505 1694 719 1746 indormientem
731 1695 817 1754 tantis
834 1692 918 1747 rebus
933 1708 981 1746 cx·

178 1759 275 1814 citavit
287 1765 427 1824 senatum,
444 1760 540 1814 eadem
551 1775 620 1812 voce
630 1763 660 1814 'et
669 1763 849 1814 securitatem
858 1761 940 1812 bonis
953 1767 983 1812 ct

176 1834 314 1878 terrorem
327 1826 461 1894 improbis
475 1828 583 1891 attulit,
599 1827 737 1896 collegam
748 1845 826 1881 suum
836 1829 900 1880 labe
911 1843 981 1880 eon·

175 1893 324 1946 iurationis
338 1893 483 1959 iniectum,
502 1901 601 1962 sponte
621 1895 749 1963 deposita
767 1896 917 1962 oblataque
937 1895 982 1946 illi

175 1961 330 2028 provincia,
343 1963 378 2014 ad
387 1965 475 2016 bonos
503 1968 578 2014 artes
589 1962 714 2024 adduxit,
725 1969 753 2012 et
763 1968 793 2012 ut
803 1975 874 2024 quae
884 1963 982 2013 sanari

176 2034 316 2096 poterant,
327 2045 433 2081 samaro
444 1978 569 2082 udiibito
581 2028 673 2086 studio
685 2041 784 2078 serrare
795 2031 912 2076 conatus
925 2037 982 2094 est,
1016 2025 1020 2038 '
1050 2069 1051 2080 ,

175 2097 300 2162 itaquae
314 2096 482 2146 insanabilia
495 2095 670 2153 videbantur,
690 2107 737 2156 ca,
758 2091 833 2144 omui
850 2093 981 2158 periculo
1035 2126 1037 2134 ι

176 2171 259 2232 atquc
272 2161 345 2212 omni
353 2160 458 2214 invidia
467 2175 517 2228 pro
528 2158 615 2210 nihilo
627 2155 729 2221 habita,
742 2157 867 2210 animose
878 2175 911 2210 ac
922 2161 981 2214 ior·

175 2233 243 2285 titer
256 2231 417 2304 amputarit.
454 2228 551 2296 ltaque
566 2241 660 2279 earum
673 2242 765 2280 rerum
786 2241 855 2296 ergo
873 2227 981 2294 primus

175 2295 355 2349 meritissimo
370 2309 433 2348 eum
449 2293 584 2349 honorem
598 2302 766 2348 consecutus
781 2304 836 2358 est,
856 2303 886 2347 ut
899 2303 982 2363 pater

175 2364 284 2432 patriae
296 2357 445 2415 diceretur.
480 2363 519 2416 Ae
534 2363 559 2414 si
574 2364 705 2430 quiscat,
746 2361 886 2415 uihorum
899 2377 980 2431 prae·

176 2428 410 2484 sterilissimorum
422 2445 536 2502 operum
545 2431 655 2484 laudern
667 2432 700 2484 ab
716 2379 877 2500 eloquentia
888 2445 981 2484 remo·

176 2515 244 2553 sens
261 2495 296 2549 ad
308 2498 378 2549 alias
392 2500 526 2569 quasdam
542 2502 658 2552 virtutes
673 2499 780 2552 referre
794 2499 887 2561 malit,
906 2504 938 2549 ut
954 2499 982 2550 ci

176 2583 228 2621 nos
239 2562 309 2619 illud
321 2566 458 2633 dabimus,
470 2585 609 2636 nunquam
619 2565 773 2630 homiuem,
790 2564 941 2633 quantilibet
950 2569 983 2632 ia¹

176 2633 295 2688 diceudo
315 2637 460 2704 copiosum
478 2643 562 2705 atque
581 2641 722 2700 ornatum,
741 2633 809 2688 haec
827 2639 883 2686 tam
898 2646 979 2699 pras·
1048 2645 1049 2694 l
