2150 3012
405 143 554 198 onnnuo
571 145 632 218 x,
786 154 795 161 ·
868 145 900 198 or

137 245 443 301 Hittoriaestnurratio
456 261 544 300 rerum
555 253 702 314 gestorum.
737 246 901 316 Omnesigh
954 241 965 247 ”

103 323 151 368 tur
160 314 273 366 fabulae
285 313 474 365 excluduntur.
508 313 604 380 Neque
620 315 691 364 enim
703 313 846 364 continent
854 327 900 366 res
948 355 950 361 .

102 388 216 450 gestas,
236 379 286 430 sed
304 379 339 428 ad
358 379 430 441 eius,
451 380 498 446 qui
511 381 634 446 scripsit,
653 379 795 431 libidinem
811 380 899 432 fictas.

102 449 204 514 ltaque
214 445 431 512 nequelmoiani
439 446 526 497 libros
536 461 675 508 verarum,
691 452 721 496 ut
730 448 790 510 ipse
801 445 900 498 ludens

102 520 202 575 vocat,
226 515 428 574 narrationum,
447 527 536 579 neque
556 511 719 578 Aethiopica
740 512 900 575 Heliodori,

101 587 155 632 aut
165 579 332 631 Poemenica
340 578 432 645 Longi
448 586 495 630 aut
508 581 568 630 eius
581 581 691 646 generis
702 579 804 644 scripta
814 578 900 629 histo·

101 647 163 697 rias
191 659 253 696 esso
277 645 411 707 dicemus3
440 660 495 696 non
520 647 608 712 magis
631 660 711 712 quam
730 644 899 698 Heraclidae

100 712 209 764 Abarin
235 718 283 762 aut
303 711 441 762 Aristonis
460 711 612 778 Lyconem.
645 710 687 764 Ne
707 709 899 778 Xenophontis

101 779 218 846 quidem
226 775 413 846 librostpov
423 779 600 845 noodstoopro
609 777 898 844 historiaacoeperim:

100 853 164 896 turn
177 844 214 895 ob
227 844 297 894 alias
307 859 434 907 caussas,
448 852 505 906 tum
516 847 580 911 quia
590 846 619 896 in
629 845 670 897 eis
681 860 736 896 non
746 851 803 896 tarn
815 859 899 896 curae

100 910 158 962 tuit
168 910 374 976 sapientissimo
387 925 419 961 ac
429 911 612 963 disertissimo
623 911 765 978 scriptori,
778 919 810 962 ut
823 925 869 962 res
881 925 900 962 a

101 978 181 1044 cyro
198 983 291 1043 gestas
306 984 567 1045 exponeret,·quam
576 983 607 1029 ut
616 978 696 1029 nobis
707 978 847 1043 exemplar
856 991 899 1028 ro·

54 1071 57 1078 ·
102 1045 147 1112 gis
159 1044 236 1094 omni
246 1045 281 1094 eri
291 1050 368 1108 parte
379 1043 496 1108 perlecti
505 1051 682 1112 proponeret.
717 1045 801 1095 Estne
812 1046 900 1112 igitur

103 1111 196 1162 omnis
211 1124 277 1160 vera
288 1111 409 1161 narratio
424 1109 558 1162 historia?
578 1111 705 1174 Minime;
727 1112 778 1162 sed
794 1126 828 1162 ea
840 1116 898 1160 tan·

101 1184 177 1239 tum,
197 1191 268 1242 quae
287 1183 331 1226 est
348 1193 436 1228 rerum
445 1175 551 1244 pollice
563 1186 709 1244 gestarum.
744 1177 807 1228 Non
826 1178 899 1228 enim

104 1243 246 1294 oratorias
259 1244 444 1305 narrationes,
459 1244 542 1294 etiam
553 1245 576 1293 si
587 1258 669 1294 verae
683 1244 751 1304 sint,
767 1242 899 1295 historias

102 1307 278 1372 vocabimus3
295 1324 383 1376 neque
397 1311 642 1371 illaCiceronis⁴lt
660 1305 726 1359 Milo
742 1310 846 1360 domum
858 1324 899 1358 oe·

102 1375 156 1436 nit,
174 1376 322 1427 calceatae
335 1376 489 1427 vestimenta
502 1374 630 1435 mutauit;
645 1375 800 1442 paullisper,
815 1373 899 1454 utfit,

103 1441 167 1492 dum
183 1455 210 1492 te
223 1457 293 1493 uxor
306 1451 457 1508 rornparot,
476 1449 652 1518 opnmoratut
666 1448 716 1500 eat,
735 1446 783 1491 aut
798 1441 900 1492 similia

99 1509 141 1559 'ad
155 1507 302 1559 historiam
320 1510 459 1575 pertinere
472 1507 659 1576 censebimus.
693 1506 789 1574 Neque
806 1505 900 1558 Philo·

104 1581 220 1636 stratus,
232 1589 293 1626 cum
302 1577 386 1626 sitam
394 1576 534 1641 Apollonii
543 1571 799 1640 autSophistarun13
811 1587 900 1640 neque

104 1637 238 1692 Laertius
254 1647 301 1692 aut
312 1641 485 1708 Hesychius,
500 1657 561 1693 oum
576 1638 901 1720 vitasphilosophoruu13

104 1721 197 1776 neque
208 1707 383 1770 Plutarchus,
396 1709 558 1770 Suetonius,
569 1708 701 1759 Aemilius
713 1706 835 1770 Probus,
849 1707 901 1758 Aa·
926 1767 929 1774 .
956 1757 959 1762 .

105 1774 212 1836 lianus,
226 1773 414 1840 Lampridius,
430 1775 616 1841 Capitolinus,
632 1789 694 1825 cum
703 1775 774 1824 vitas
784 1777 901 1840 impera·

105 1845 200 1892 torum
222 1847 269 1891 aut
291 1840 408 1892 aliorum
426 1843 546 1893 virorum
568 1842 717 1892 illustrium
737 1840 901 1902 scriberent,

107 1903 254 1958 historiam
268 1909 413 1974 scripsisse
423 1899 563 1960 iudicahdi
579 1914 650 1960 sunt.
684 1908 767 1958 Aliud
776 1914 820 1958 est
828 1907 901 1958 enim

69 1979 72 1986 ’
106 1973 179 2023 sitas
193 1973 329 2036 scribere,
343 1975 418 2026 aliud
429 1974 582 2026 historiam.
618 1975 671 2034 Qui
686 1976 770 2024 vitam
784 1973 901 2025 alicuius

108 2038 214 2101 scribit,
225 2040 314 2106 qualis
325 2042 440 2108 quisque
452 2041 527 2092 domi
535 2040 628 2103 fuerit,
656 2041 727 2092 ualis
737 2041 765 2091 in
775 2053 901 2102 uxorem,

108 2105 198 2170 qualis
208 2106 235 2155 in
246 2106 363 2169 liberos,
381 2109 410 2158 in
420 2107 585 2174 familiares,
600 2108 630 2158 in
638 2056 779 2174 lospites,
796 2121 851 2174 quo
861 2105 901 2156 vi·

109 2176 155 2220 ctu
166 2185 199 2222 ac
209 2172 284 2224 cultu
293 2177 418 2240 corporis
428 2191 494 2226 usus
505 2177 554 2236 sit,
569 2182 698 2226 accurato
708 2189 741 2224 ac
751 2173 901 2240 diligenter

109 2239 236 2302 exponit:
264 2239 310 2305 qui
328 2239 486 2303 historiam,
508 2240 577 2292 haec
600 2242 692 2293 omnia
714 2246 762 2290 aut
797 2246 901 2290 raeter·
942 2257 951 2264 ”

108 2303 206 2366 mittit,
226 2307 320 2356 autin
339 2307 509 2358 accessionis
519 2307 596 2369 loeo,
617 2309 696 2374 quasi
715 2256 796 2358 aliurl
805 2320 901 2372 agens,

110 2371 226 2422 strictim
245 2377 274 2422 et
287 2373 397 2424 modico
410 2375 533 2440 attingit3
553 2389 586 2424 ea
600 2379 705 2424 tantum
723 2387 759 2424 ex
772 2373 901 2423 instituto

108 2437 294 2504 persequitur,
305 2453 376 2506 quae
387 2441 422 2491 ad
431 2441 571 2507 publicum
581 2441 728 2506 pertinent.
750 2439 816 2490 Hoc
825 2437 917 2488 Prot-r

110 2502 252 2568 archum)
271 2506 390 2573 ipsemet
405 2507 502 2572 docet,
521 2508 580 2574 qui,
608 2507 767 2562 etiamtum
780 2504 902 2554 virorum

148 2586 169 2640 ⁸)
186 2588 247 2629 orat.
258 2601 302 2642 pro
310 2588 396 2632 ltiilone
405 2603 424 2634 c.
435 2594 467 2634 lt.
479 2590 499 2644 ᾗ.
510 2593 545 2636 28.

68 2655 76 2663 ·
126 2641 170 2698 β’)
184 2641 299 2688 matut.
309 2659 327 2690 o
339 2649 359 2688 1.
592 2647 597 2652 “
