2150 3012
367 109 368 114 ’
408 116 561 172 orario
577 115 642 172 XV.
861 116 913 172 rat

111 221 201 273 tionis
218 218 426 287 distinguebant
442 224 524 286 atque
537 217 731 270 illuminabant
750 217 914 283 disputatio·
996 277 998 282 y

112 303 164 338 ines
175 301 255 348 snas,
271 293 302 336 ut
316 287 399 336 etiam
412 288 459 351 qui
470 300 487 336 a
498 285 648 336 severitate
659 283 853 351 philosophiae
868 284 914 334 ah·

112 351 279 416 horrebant,
299 353 361 420 ipso
380 357 473 404 tamen
492 351 603 403 dicendi
623 365 726 416 genere
740 357 912 416 caperentur.

112 419 263 471 'themistii
274 419 385 486 quidem
396 418 538 470 orationes
550 417 614 468 dum
624 417 703 484 lego,
716 417 821 468 nullum
832 419 859 466 ei
868 431 911 468 so·
982 473 983 476 ,

84 505 91 508 ·
111 483 280 603 phiatamm,
298 486 345 553 qui
359 483 412 536 hoc
421 499 505 536 unum
512 483 646 552 agebant,
661 489 692 534 ut
703 489 811 548 compte
822 498 855 534 ao
864 497 911 549 po·

125 559 165 602 rte
182 551 319 613 dicerent,
333 557 483 617 antepono.
517 552 552 602 At
566 549 650 602 hodie
665 549 793 616 plerique
807 563 912 611 eorum,

113 621 162 685 qui
180 633 211 669 se
230 631 280 685 pro
300 615 474 684 philosophis
492 616 647 678 venditant,
669 631 731 668 eum
749 631 783 667 ea
801 615 911 678 docent,

113 691 262 752 quaecum
277 683 421 746 didiceris,
441 683 478 733 du
496 683 526 736 lo
545 683 659 734 stultior
678 684 717 734 sis
731 697 812 749 quam
826 684 912 749 prius,

91 786 93 788 ψ
112 758 173 802 tum
182 751 211 801 in
221 751 339 802 dicendo
349 751 390 802 ita
402 755 467 801 sunt
500 749 611 816 'spidl*)
627 756 709 816 atquo
724 757 862 817 agrestes,
881 755 913 801 ut

41 855 45 876 ,
114 832 165 869 eos
174 817 244 869 illud
253 816 389 896 puidquid
400 816 600 897 estnpuinguirnn
614 816 781 896 litterarum,
801 818 829 868 in
845 815 912 867 culi·

98 881 912 1016 etintenditiiiiiitii‘ttniilttii

114 1016 256 1068 nitidioris
267 1017 411 1068 doetrinae
421 1016 519 1082 perdiu
530 1015 700 1068 Graecorum
711 1019 831 1084 propria.
850 1017 912 1069 lllic
989 1046 991 1054 ·

19 1136 21 1140 ,
115 1083 273 1162 elegantiae
291 1083 388 1146 sedes,
408 1083 564 1134 litterarum
583 1083 766 1146 domicilium,
788 1100 912 1137 museum

115 1149 201 1212 orbis,
212 1149 377 1202 eruditionis
388 1151 550 1214 emporium,
561 1149 702 1200 Musarum
713 1165 745 1201 ac
756 1149 914 1202 Gratiarum

72 1229 78 1240 ·
115 1216 238 1267 omnium
248 1215 478 1284 augustissimum
492 1214 629 1281 quoddam
643 1217 793 1267 sacrarium
806 1217 860 1268 init
869 1233 913 1267 us·

104 1295 169 1350 .que
180 1283 227 1345 e'o,
243 1283 307 1333 dum
318 1281 421 1332 misera
449 1295 498 1331 ens
509 1280 627 1343 ultione,
641 1287 673 1332 ut
683 1284 796 1347 opiner,
811 1284 912 1347 dimna,

116 1349 181 1414 quia
195 1363 226 1399 se
240 1347 274 1397 ab
285 1347 422 1398 ecclesiae
458 1361 573 1398 omanae
585 1347 757 1410 ohedientia,
776 1349 805 1412 id
820 1357 875 1413 est,
897 1365 914 1400 a

116 1414 221 1466 Christi
230 1415 298 1480 iugo
308 1413 490 1477 subduxerat,
505 1413 539 1464 ab
548 1416 736 1480 impurissimo
746 1416 915 1482 tyranno&

116 1481 167 1533 sub
177 1481 271 1547 iugum
281 1481 440 1531 teterrimae
452 1480 594 1531 servitutis
603 1481 718 1532 redacta
728 1486 779 1532 est.
800 1482 855 1534 *Ex
863 1482 914 1534 illo

115 1555 242 1614 tempore
256 1546 393 1598 siluerunt
407 1547 474 1599 illae
492 1546 627 1598 lusciniae
633 1583 644 1610 ,
664 1562 735 1614 quae
754 1547 860 1600 coelum
882 1563 915 1598 ac

10 1647 17 1653 =-
115 1622 206 1666 terras
224 1620 308 1664 cantu
327 1628 377 1666 suo
397 1613 566 1678 mulcebant3
588 1615 722 1666 conticuit
740 1615 846 1666 vocalis
864 1615 913 1666 ille

116 1681 243 1733 Sirenum
251 1679 364 1742 chorus3
375 1680 419 1730 illi
430 1679 589 1732 nitidissimi
599 1681 702 1743 fontes,
710 1682 757 1748 qui
767 1687 854 1732 totum
865 1681 914 1732 ho-

115 1749 217 1798 minum
227 1763 321 1814 ¹genus
341 1747 514 1814 elegantiore
533 1747 660 1800 doctrina
679 1748 845 1815 irrigabant,
867 1763 912 1800 ex·

108 1815 255 1866 ‘aruerunt
290 1815 406 1872 llomaru'
418 1820 447 1865 ot
456 1815 545 1865 serius
556 1816 707 1881 attigerunt
716 1816 825 1866 litteras
837 1821 874 1876 et,
888 1816 912 1866 si
995 1827 999 1839 *

37 1919 45 1928 .
115 1895 209 1932 verum
222 1897 357 1944 amamus,
377 1882 441 1932 aliis
454 1881 551 1944 rebus,
568 1882 730 1934 melioribus
749 1881 867 1934 forsitan
884 1889 913 1932 et
1012 1898 1014 1907 ’

10 1991 17 2006 ,
114 1948 376 2014 praestantioribus,
395 1947 511 2000 -nihil
525 1949 597 2000 enim
615 1948 751 2015 impedio,
771 1949 820 1999 sed
835 1955 911 1999 certe

115 2013 177 2064 aliis
197 2041 230 2053 -··
241 2015 378 2081 occupati,
387 2018 478 2066 minus
488 2029 592 2082 operae
602 2031 635 2068 ac
644 2015 728 2068 studii
739 2016 773 2066 ad
787 2015 911 2083 philoso-

114 2077 207 2148 phiam‘
224 2088 252 2133 et
265 2082 300 2134 ad
313 2089 402 2134 totum
416 2081 470 2135 hoc
483 2084 699 2136 mansuetiorum
712 2084 812 2134 artium
823 2097 910 2150 genus
985 2141 986 2144 Ἰ

159 2178 180 2232 ·)
192 2177 252 2231 Gall.
261 2179 323 2224 ΝΔ.
333 2179 365 2225 11.
375 2185 396 2226 3.
411 2180 458 2226 Sed
467 2184 487 2226 si
498 2183 549 2236 qnia
558 2185 595 2226 ert
604 2188 653 2226 tam
661 2182 751 2237 agrati
758 2195 813 2226 asos
822 2195 851 2224 ac
862 2187 910 2225 tam

114 2233 215 2290 ioman,
235 2249 298 2290 quem
314 2236 357 2280 lux
371 2239 417 2281 ista
432 2241 457 2280 st
475 2238 600 2282 amoenitas
618 2239 729 2285 credonis
746 2239 909 2294 verborumque

114 2291 248 2334 modificatio
258 2306 338 2346 parum
349 2291 454 2336 delectat.

150 2348 180 2400 ’Ἴ
196 2347 266 2390 Forte
276 2349 379 2396 Muretus
393 2347 486 2404 scripsit
499 2347 693 2406 importunissimo
744 2360 815 2400 nno,
834 2353 860 2392 at
870 2347 909 2391 ct·

114 2415 164 2444 cero
175 2405 198 2445 ot
207 2401 286 2446 Livius
296 2402 426 2458 loquuntur.
454 2403 578 2456 vulgatum
589 2413 663 2448 tamen
672 2417 719 2458 exp
731 2405 787 2448 icari
796 2417 864 2458 posse
873 2405 908 2446 fa·

114 2465 168 2498 teor.
199 2457 304 2502 Ceterum
315 2459 352 2502 hic
361 2458 424 2504 loeus
435 2459 503 2504 hahet
519 2467 607 2512 turpem
617 2459 736 2503 Pontificio
745 2459 839 2502 Romani
853 2459 908 2504 adu·

113 2509 229 2564 lationem,
248 2515 317 2556 etiam
337 2519 414 2558 contra
428 2513 536 2559 historiae
551 2515 626 2557 iidem.
655 2513 754 2556 Graecos
768 2516 839 2563 enim,
858 2519 908 2557 anta

112 2569 423 2672 lipperippmipfiffieversum.
432 2572 457 2616 in
466 2571 594 2614 barbariem
603 2568 681 2626 lapsos
691 2581 748 2618 esse,
759 2570 808 2622 quin
817 2573 859 2620 ent,
869 2568 907 2626 qai

140 2637 187 2666 ssia
