2120 3018
390 168 542 226 onnrro
560 172 613 226 111.
765 156 781 228 y
861 175 895 230 m
966 157 973 162 “

97 273 194 328 hatum
204 275 258 336 est,
275 272 340 340 quin
358 273 506 342 aliquando
521 273 723 344 offenderetur
737 274 894 341 prolabere-

97 349 154 403 tur,
174 347 205 392 ut
218 340 263 392 hic
277 343 367 406 potius
403 357 465 392 nuru
481 342 547 392 alibi
560 347 676 408 peccata
691 344 848 407 expientur,
864 349 895 394 ut

97 408 121 459 si
134 421 191 474 quo
209 407 318 460 macule
332 423 367 458 ex
379 356 436 459 this
456 408 679 474 prolapsionihus
699 414 829 474 suscepta
843 415 893 472 est,

49 521 51 526 ,
95 474 272 540 temporariis
285 474 342 524 illis
362 475 574 535 acerbitatibus,
594 475 673 540 quasi
685 475 758 525 nitro
776 473 895 540 quodam

26 578 30 588 .
95 547 144 590 aut
163 540 297 602 lomento,
317 541 426 591 eluatur
442 555 474 592 ac
490 541 624 596 deleatur.
660 539 728 591 Num
743 555 804 590 cum
818 541 897 591 iusti·

95 607 152 664 tiae
168 607 277 658 divinae
294 613 510 658 consentaneum
524 607 575 669 sit,
594 610 731 658 neminem
743 608 772 657 in
786 606 896 658 coelum

21 690 24 696 ’
95 675 253 738 pervenire,
270 674 320 738 qui
333 673 391 725 ulla
404 688 439 724 ex
453 679 531 739 parte
548 674 667 740 pollutus
682 673 894 724 contaminatus·
957 675 958 680 ’

96 754 149 806 que
158 741 208 806 sit,
219 741 330 804 expedit
338 741 374 791 iis
383 741 461 806 ipsis,
473 741 520 806 qui
529 739 590 791 Deo
603 741 660 791 cari
671 746 742 801 sunt,
754 740 794 790 ita
804 740 832 790 in
842 736 895 790 hac

95 807 153 856 vita
162 807 288 872 purgari,
301 813 332 856 ut
343 817 404 857 cum
415 821 429 857 e
444 805 569 872 corporis
582 807 699 858 vinculis
713 807 893 867 excesserint,

94 873 171 924 nulla
189 873 249 923 alia
269 874 434 939 purgatione
460 879 589 940 egentes,
611 875 671 924 sine
692 873 751 923 ulla
768 887 846 924 mora
864 873 894 924 in

94 940 205 1005 coelum
225 939 336 990 evolare
348 939 473 1005 expediti
486 954 517 990 uc
530 939 612 990 liberi
626 940 742 1005 possint.
775 938 894 990 Undeci·

92 1019 149 1067 ma,
167 1012 200 1056 ut
212 1020 265 1071 quo
276 1005 356 1070 plura
366 1006 466 1056 acerba
477 1007 630 1073 patiuntur,
646 1020 699 1073 quo
713 1005 806 1071 plures
824 1005 892 1056 diffi-

94 1072 215 1122 cultates
225 1078 364 1137 superant,
375 1083 429 1140 quo
441 1073 572 1124 dimicant
582 1075 685 1135 acrius,
697 1085 730 1122 eo
741 1071 892 1123 maioribus

93 1137 226 1204 praemiis
243 1145 386 1201 ornentur,
405 1153 438 1191 eo
451 1141 544 1206 plures
560 1155 678 1191 corona-s
693 1139 841 1205 accipiant,
856 1151 891 1189 eo

93 1209 228 1257 maiorem
239 1206 268 1254 in
279 1206 353 1256 omni
364 1208 528 1258 aeternitate
539 1207 657 1272 gloriam
668 1211 880 1272 consequantur.

70 1271 76 1278 '
124 1273 205 1323 llaec
215 1271 301 1336 igitur
311 1274 352 1322 vir
361 1272 411 1323 ille
421 1274 620 1335 sanctissimus,
630 1288 695 1334 non,
706 1277 737 1322 ut
746 1286 800 1338 ego
809 1285 891 1333 nunc,

93 1339 171 1390 arido
187 1343 218 1389 et
231 1337 336 1388 inculto
351 1339 460 1390 dicendi
474 1353 590 1406 genere,
604 1338 654 1389 sed
669 1343 780 1399 ornato,
800 1337 891 1404 splen-

93 1405 172 1468 dido,
187 1405 307 1465 efficaci,
321 1419 406 1456 aureo
421 1405 539 1472 denique
549 1405 599 1456 illo
615 1405 790 1470 eloquentiae
803 1401 891 1453 flumi-

93 1485 138 1533 ne,
158 1471 235 1538 quod
252 1471 279 1520 ei
295 1469 488 1538 chrysostomi
507 1486 607 1522 nomen
624 1469 801 1520 meritissimo
818 1482 891 1518 com·

91 1540 209 1602 paravit.
242 1538 283 1596 ‚hc
300 1552 412 1600 vereor,
430 1552 465 1588 ne
482 1539 543 1604 quis
559 1537 697 1588 interdurn
710 1533 891 1603 me,quode

90 1604 191 1656 talium
201 1603 367 1670 scriptorum
377 1603 501 1654 fontibus
511 1603 648 1666 hauriam,
660 1617 713 1669 quo
728 1601 891 1668 disputatio·

91 1684 140 1722 nes
162 1685 240 1722 meas
267 1672 390 1737 irrigem‚
414 1669 670 1736 reprehendendum
692 1675 777 1735 putet.
811 1666 890 1718 Unde

91 1737 189 1804 igitur,
198 1738 253 1802 per‘
258 1737 347 1788 Deum
360 1737 555 1799 immortalem,
568 1738 659 1803 potius
670 1741 805 1802 repetam,
816 1733 891 1801 quod

92 1801 238 1856 honestius
258 1809 307 1854 aut
324 1805 422 1857 maiori
442 1818 503 1855 eum
521 1803 613 1854 fructu
627 1803 672 1854 vel
686 1818 703 1853 a
715 1817 758 1854 me
773 1802 891 1862 dicatur,

91 1870 136 1920 rel
146 1885 163 1920 a
172 1869 254 1925 nobis
269 1870 412 1922 audiaturi
428 1872 469 1921 An
484 1877 560 1922 totos
573 1871 632 1920 dies
646 1870 758 1920 nuncin
771 1867 889 1934 poeticis
956 1913 959 1917 .

91 1935 204 1999 fabulis,
211 1951 282 1988 nuno
292 1939 320 1988 in
332 1937 489 1988 Stoicorum
499 1938 751 2006 autEpicureorum
759 1933 890 1985 stultissi-

92 2003 145 2053 mis
174 2003 350 2070 opinionibus
380 2003 585 2070 perscrutandis
607 2017 639 2053 ac
669 1999 889 2068 pervestigandis

95 2075 282 2130 conteremus,
299 2069 382 2135 idque
394 2086 455 2121 cum
464 2069 598 2135 faciemus
605 2071 617 2131 ,“
625 2075 732 2136 tempus
747 2069 817 2120 benc
832 2067 889 2120 col·

14 2153 16 2158 ’
94 2133 188 2196 locare
197 2136 366 2202 putabimur:
384 2137 418 2187 ad
429 2151 464 2188 ea
474 2135 682 2204 cognoscenda,
696 2149 764 2201 quae
779 2134 889 2201 ignora·

93 2211 124 2251 re
138 2204 198 2253 sine
212 2203 335 2270 pernicie
349 2218 404 2254 non
416 2218 575 2268 possumus,
590 2203 692 2253 nullam
706 2208 810 2270 partem
822 2208 890 2252 tem·

94 2268 170 2382 qoris
181 2269 371 2348 conferemusi
388 2271 422 2320 At
432 2268 513 2348 haec,
529 2270 636 2348 inquiet
650 2269 762 2348 aliquis,
772 2270 800 2319 in
811 2267 889 2319 theo·

108 2347 222 2400 ogerum
242 2334 347 2386 scholia
366 2343 414 2388 aut
428 2337 607 2386 concionibus
621 2336 692 2386 tradi
707 2335 811 2385 solent:
832 2349 849 2384 a
860 2338 889 2383 ta

97 2400 153 2452 alia
165 2403 298 2468 quaedam
316 2403 500 2469 requiruntur.
535 2403 639 2453 Fateor
653 2401 780 2468 equidem
798 2400 832 2450 ab
847 2399 889 2448 eir
980 2422 982 2426 ν

90 2463 165 2517 'haee
181 2469 273 2520 omnia
288 2483 344 2519 non
360 2469 552 2534 tempestivius
570 2469 653 2520 modo
674 2483 707 2518 ac
725 2466 889 2516 convenien-

96 2534 164 2596 tius,
183 2536 329 2586 sedetiam
346 2535 446 2586 melius
460 2538 656 2603 copiosiusque
675 2531 797 2582 tractari.
834 2527 890 2580 Sed

97 2603 186 2651 tamen
195 2602 298 2652 utinam
309 2602 410 2652 talibus
439 2602 575 2667 raeceptis
584 2608 612 2652 et
620 2597 722 2662 templa
732 2590 888 2653 etscholae,

99 2672 129 2716 et·
152 2670 275 2735 porticus
294 2677 322 2721 et
341 2617 560 2730 ambuhatiuues,
587 2673 616 2718 et
636 2665 699 2716 fora
722 2664 750 2712 et
770 2661 890 2724 compita
