2150 3012
83 131 87 138 ·
181 131 215 184 so
268 195 272 210 Ι
471 129 685 192 oanrrom
729 150 733 158 ‹

181 231 316 286 historiae
326 231 482 310 inscripsit..
511 231 617 293 Quibus
633 231 712 310 libris
726 245 842 310 caussae
857 211 890 310 ac
901 233 976 348 prin·

123 333 126 344 ·
181 301 255 366 cipia
282 313 374 348 rerum
402 305 582 364 exquiruntur
603 305 651 364 put
672 297 789 348 ahcurus
812 297 900 364 discip
915 299 976 349 inae

180 371 330 484 praecepte
341 365 498 425 traduntur,
525 379 662 430 nunquam
679 378 727 414 eos
741 365 885 430 quisquam
898 371 975 415 recte

200 433 326 484 istoriam
337 430 484 481 vocaverit.
520 431 611 482 stubi
621 436 861 480 narraturtantum
871 429 976 496 aliquid
1065 417 1066 478 J

113 524 115 528 ⁷
181 505 264 567 atque
275 497 515 562 exponitur,recte
524 496 552 546 id
562 495 726 560 scriptorum
735 495 976 562 genushistoriam

180 565 340 616 nominaris.
376 562 472 626 ltaque
483 561 554 612 liber
564 561 687 627 quidam,
703 563 750 627 qui
762 561 867 612 Galeno
878 561 975 612 tribui-

180 637 238 693 tur,
253 642 342 694 neque
356 627 449 679 tamen
463 627 550 692 ipsius
566 633 621 689 cst,
639 642 693 693 quo
711 634 836 678 veterum
851 626 975 692 philoso-

181 694 297 763 phorum
310 707 472 760 utraqusque
483 694 517 744 de
527 707 557 744 re
568 693 722 746 sententiae
734 699 907 759 exponuntur
916 700 976 744 tan·

181 769 251 823 tum,
262 775 315 810 nou
328 761 411 810 etiam
424 759 625 824 expenduntur,
639 767 715 810 recte
726 759 885 810 inscribitur
898 761 974 818 pcto-

181 827 264 887 σόφου
281 825 404 894 ἱστορίας.
438 825 598 892 Eodemque
613 826 723 892 nomine
736 827 807 876 attici
817 831 932 890 possent
941 825 975 876 li·

180 895 224 946 bri
237 893 360 944 eiusdem
374 893 541 956 argumenti,
554 892 600 958 qui
614 890 686 942 falso
700 892 855 942 tribuuntur
867 891 975 942 Plutar-

132 979 133 984 ’
180 958 233 1012 cho
250 958 311 1026 περὶ
327 961 378 1010 τῶν
393 956 552 1026 ἀρεσκόντων
568 961 622 1014 τοῖς
640 957 798 1018 φιλοσόφοις.
832 958 868 1008 st
884 957 974 1008 libros

199 1023 358 1090 hysicorum
368 1031 415 1075 aut
425 1023 577 1074 ethicorum
591 1030 639 1074 aut
648 1024 784 1074 eiusmodi
795 1023 865 1074 alios
876 1023 900 1074 si
911 1023 974 1089 quis

202 1091 326 1141 'storiam
334 1097 457 1152 vocaret,
467 1091 538 1140 male
549 1091 733 1141 etinscicntcr
743 1088 875 1140 historiae
886 1089 974 1140 nonsi-

111 1159 114 1162 ’
179 1171 216 1210 ne
228 1163 360 1208 uteretur.
395 1156 464 1206 Nam
480 1157 549 1208 iliud
565 1170 674 1223 quoque
692 1155 902 1222 intelligendum
919 1161 973 1216 est,

181 1223 255 1292 quod
265 1223 299 1272 de
310 1231 370 1274 toto
381 1223 474 1289 aliquo
486 1237 588 1289 genere
599 1223 725 1273 universe
736 1223 874 1284 scribitur,
886 1219 974 1273 histo·

178 1293 248 1343 riam
261 1305 317 1340 non
330 1290 436 1352 vocari,
452 1291 506 1341 nisi
517 1289 702 1356 particulatim
716 1289 751 1340 od
761 1289 972 1355 singulavenia·

179 1423 208 1474 in
220 1423 272 1474 hac
282 1423 468 1492 disputatione
479 1437 534 1474 non
545 1430 602 1473 tam
610 1423 666 1472 late
677 1423 838 1488 accipimus,
854 1422 903 1473 sed
916 1422 972 1472 rim

179 1490 255 1542 illius
270 1489 475 1556 angustioribus
489 1489 614 1540 terminis
628 1488 837 1552 concludentes,
852 1489 892 1538 ita
905 1489 972 1538 deii·

179 1555 307 1607 niendam
318 1555 462 1606 historiam
473 1562 610 1622 putamus:
637 1553 761 1605 Historia
774 1562 814 1605 est
826 1570 971 1620 rerumpu-

180 1621 244 1673 blicc
252 1631 389 1688 gestarum
399 1621 498 1689 dffusa
508 1630 535 1672 st
543 1621 698 1674 continuata
707 1621 839 1671 narratio.
874 1619 971 1686 Neque

179 1688 327 1754 quidquam
342 1690 478 1742 interesse
498 1689 677 1750 arbitramur,
697 1688 732 1736 od
748 1684 802 1737 hoc
818 1687 927 1753 quidem
942 1695 973 1738 ut

125 1803 128 1809 .
179 1752 298 1806 historia
311 1756 364 1818 sit,
381 1757 472 1808 sintne
483 1769 529 1804 res
543 1755 609 1806 illae
622 1758 745 1806 remotae
760 1753 794 1802 ab
809 1755 909 1805 aetatis
923 1768 972 1804 no·

121 1852 124 1860 ι
178 1827 252 1872 strae
263 1824 408 1886 memoria,
422 1838 458 1873 an
467 1823 569 1883 miuus3
590 1827 618 1870 ct
627 1833 689 1869 num
700 1818 739 1881 is,
750 1819 796 1884 qui
807 1834 854 1870 eas
865 1819 971 1883 scribit,

178 1887 220 1938 eis
233 1887 403 1962 interfuerit,
422 1899 457 1939 sn
474 1901 530 1936 non
548 1884 714 1936 interfuerit.
750 1883 868 1952 Scripsit
881 1885 971 1936 Hero·

94 1407 97 1412 ,
179 1363 234 1408 tur.
260 1358 348 1422 Atque
358 1355 427 1406 haec
437 1357 547 1406 cumita
556 1358 619 1418 sint,
629 1353 762 1406 historiae
771 1362 862 1406 tamen
872 1369 972 1406 nomen
1065 1351 1066 1364 ¹

178 1955 261 2008 dotus
277 1955 407 2009 derebus
424 1951 586 2004 amemon'a
599 1951 699 2001 aetatis
713 1967 779 2008 suae
793 1953 919 2004 remotis:
942 1959 974 2002 et
1065 1985 1066 2006 n

178 2019 322 2074 historiam
334 2021 457 2086 scripsit3
475 2019 586 2082 scripsit
596 2015 775 2083 Thucydides
786 2018 819 2067 de
830 2018 914 2078 bello,
926 2019 973 2069 cui

176 2088 237 2154 ipse
252 2087 428 2148 interfuerat3
447 2083 558 2148 scripsit¹
566 2081 722 2148 Xenophon
736 2084 769 2134 de
783 2083 875 2132 reditu
885 2082 972 2133 Grac.

176 2169 273 2206 corum
292 2169 327 2204 ex
341 2153 418 2212 Asia,
439 2149 484 2201 cui
503 2165 558 2200 non
576 2147 742 2200 interfuerat
758 2146 853 2207 modo,
873 2146 923 2195 sed
942 2155 973 2197 et

195 2220 346 2272 raefuerat:
368 2223 397 2266 et
413 2223 529 2282 uterquc
549 2215 692 2266 historiam
707 2212 826 2279 scripsit.
863 2210 892 2260 Si
908 2211 972 2276 quis

176 2237 264 2346 dicat,
277 2285 312 2334 ad
324 2282 407 2332 iidem
421 2283 656 2334 etauctoritatem
671 2278 805 2330 historiae
820 2277 971 2328 concilian-

176 2351 391 2412 daminteresse,
400 2349 569 2415 scribatquis
580 2363 622 2410 ea,
632 2361 701 2416 quac
708 2347 768 2412 ipse
775 2345 875 2396 viderit
884 2359 916 2394 ac
924 2358 971 2396 co-

174 2415 313 2484 gnoverit
321 2429 356 2466 aa
366 2431 436 2482 quae
446 2416 479 2467 ab
488 2416 550 2468 aliis
557 2416 660 2466 tradita
668 2413 815 2478 acceperit,
823 2427 878 2463 non
886 2425 972 2480 nega-

101 2487 112 2500 *
174 2483 224 2545 b03
235 2481 269 2544 si,
280 2488 310 2532 ut
319 2497 384 2534 vere
396 2499 428 2535 ac
437 2486 549 2549 proprie
561 2481 730 2544 historiasit,
741 2479 838 2531 horum
847 2477 972 2530 uuumli-

173 2547 223 2600 bet
233 2547 338 2616 iequiri
349 2549 633 2618 dixerit,pernegabo.
653 2547 732 2600 Nunc
740 2549 862 2616 singulas
871 2559 970 2614 propo-

157 2667 160 2670 .
174 2617 246 2670 sitae
258 2615 427 2672 definitionis
438 2625 530 2686 Partes
541 2617 697 2672 minutatim
706 2617 923 2670 consideremus.

1033 2207 1039 2224 κ
1059 2045 1066 2375 Ι

1063 2627 1066 2656 t
