2140 3010
312 152 598 214 rnsarnrrot.
708 125 726 154 ⁹
808 133 859 216 ear

64 275 156 322 serum
167 261 259 326 etiam,
269 265 301 314 ut
310 272 383 314 nune
391 262 546 330 loquimurs
555 260 752 327 accidentiam,
769 259 860 316 stad·
886 313 889 320 ,

62 331 209 388 seditiones,-
216 327 371 396 obstinatos,
382 328 539 392 nittenowe,
549 327 733 392 ademimus,
745 336 773 381 et
782 331 860 388 talia.

63 395 205 464 dequibus
217 396 479 450 estinParmenide.
494 396 591 463 Neque
601 397 860 457 naturalium-modo

63 462 224 526 natumsed
236 470 377 526 eteorum,
389 479 459 530 quae
470 465 589 516 artifieio
601 469 739 526 constant,
755 471 786 516 ut
795 483 811 514 s
849 496 861 504 -
926 464 931 474 '

64 527 199 598 nelo'sqm
216 529 436 596 etsvotto'tqra:
458 531 492 582 de
512 531 610 598 quibus
630 544 647 581 a
665 529 794 596 Diogene
811 545 829 580 a
843 533 862 570 ‘-

63 597 172 664 quando
183 593 280 648 irrisus
292 612 353 648 eum
366 599 489 650 vicissim
503 597 675 648 amarissimo
687 596 761 649 dicto
775 612 860 664 pupu-

63 665 117 730 git,
135 669 167 713 ut
177 671 271 715 narrat
279 663 418 716 Laertius.
453 664 594 727 Addebat,
615 666 675 716 siue
688 663 760 716 ideis
771 678 861 732 neque

8 745 9 756 ³
64 729 223 792 scientiam,
245 745 334 797 neque
351 731 510 800 memoriam
525 738 654 782 constare
672 743 769 797 posse:
799 745 863 782 narn

64 799 158 848 earum
171 803 314 864 utramque
330 811 393 848 esse
406 809 497 850 rerum
508 797 648 848 stabilium
659 812 691 848 ao
702 811 862 863 permanens
924 855 928 862 „

64 865 141 914 tium.
177 865 247 915 Tala
257 869 350 917 autom
362 862 433 914 nihil
447 877 509 918 esse
524 871 635 932 praeter
646 864 734 916 ideas.
770 863 861 932 Atque

49 969 50 974 ¹
65 931 110 980 hic
121 930 147 980 si
159 930 330 982 substitisset
340 931 435 994 Plato,
454 930 524 980 ferri
538 931 726 998 aliquomodo
740 937 862 998 poterat¹

65 997 211 1063 omniaque
229 999 305 1050 illius
317 997 393 1049 diota
405 1009 499 1048 veram
512 999 632 1065 aliquam
648 1004 676 1048 et
690 997 864 1050 commodam

64 1065 322 1130 interpretationem
331 1065 458 1131 resipere
468 1063 641 1116 videbantur.
655 1061 864 1116 Nametrerum

64 1137 117 1193 est,
131 1145 179 1182 res
187 1132 325 1200 singulas,
339 1145 409 1197 quae
420 1130 530 1196 quidem
541 1131 592 1180 sub
603 1129 698 1180 orbem
708 1129 789 1182 lunae
800 1129 863 1182 sub·

8 1209 11 1216 ’
64 1199 155 1253 iactae
170 1205 245 1261 sunt,
264 1198 380 1249 infinitis
395 1195 595 1247 mutationibus
609 1197 727 1274 agitarh·
742 1197 863 1264 ideoque
944 1209 948 1212 ·

64 1278 116 1332 per
130 1275 160 1314 se
172 1267 223 1316 sub
236 1263 382 1314 scientiam
394 1276 450 1313 non
465 1261 577 1325 eadere3
594 1274 725 1312 umressa
734 1268 825 1328 autem
835 1269 865 1314 at

64 1330 222 1384 eommunia
236 1335 350 1380 aeterna
363 1341 438 1390 esse,
458 1333 487 1380 et
501 1341 610 1394 semper
624 1325 724 1378 eodem
735 1327 819 1379 modo
832 1343 863 1380 sa

45 1395 47 1398 ’
65 1397 204 1448 habentia.
220 1395 429 1448 Demonstratio
442 1396 513 1446 enim
525 1401 553 1447 et
563 1393 688 1448 delinitio
700 1399 764 1446 sunt
774 1398 864 1444 aeter-

8 1517 9 1520 ,
64 1478 163 1516 norum
174 1467 202 1512 et
211 1461 436 1526 immutabilium,
454 1470 485 1514 ut
496 1462 612 1514 docetur
622 1461 652 1512 in
662 1459 864 1528 posterioribus

64 1530 226 1596 Arrolytiois.
256 1529 336 1580 Ferri
347 1530 439 1592 etiam,
450 1528 597 1581 dummodo
607 1535 684 1579 reete
693 1526 861 1593 intelligere·

62 1606 124 1659 tur,
148 1596 401 1663 poteratsspeeies
424 1603 452 1647 et
474 1610 578 1663 genera
600 1593 769 1646 substantias
790 1607 862 1644 esse.

64 1663 208 1730 Quidquid
219 1664 290 1716 enim
300 1659 402 1730 ityreos
410 1663 437 1714 ἐν
445 1667 481 1729 τῷ
491 1663 517 1714 ti
526 1663 592 1726 ion,
604 1661 786 1713 substantiam
796 1673 864 1738 quo·

63 1729 212 1784 dammodo
234 1731 392 1798 significare
409 1731 519 1783 dicitur.
555 1729 611 1782 Sed
629 1734 741 1779 attere
752 1726 863 1787 diortur,

64 1813 100 1850 ex
118 1798 167 1858 iis,
187 1812 257 1864 quae
279 1804 342 1848 sunt
362 1797 494 1856 καθόλου,
517 1802 546 1848 et
563 1795 723 1847 memoriam
743 1793 816 1844 effici
835 1797 865 1844 et

53 1867 221 1918 scientiam:
240 1861 376 1916 abstrahit
386 1864 458 1916 enim
468 1863 574 1915 animus
581 1867 681 1921 noster
690 1857 724 1912 ab
735 1861 779 1922 iis,
793 1871 863 1926 quae

64 1933 116 1984 sub
131 1945 241 1983 sensum
255 1931 370 1994 cadunt,
384 1927 541 2001 eommunia
552 1928 700 1998 quaedam,
719 1941 807 1994 eaque
821 1939 863 1977 re·

65 1998 163 2050 condit
173 2005 256 2066 atqua
266 1998 303 2050 iis
313 1999 408 2050 utitor.
418 1995 537 2066 Atquod
546 1993 863 2063 plerumqueusurenire

65 2061 222 2126 hominibus
236 2065 321 2128 solet,
340 2072 372 2117 ut
379 2066 492 2116 inventa
506 2078 556 2114 sua
568 2062 654 2130 nimis=
663 2067 756 2114 ament
775 2073 863 2127 saque

56 2131 128 2198 'plus
139 2133 214 2184 iusto
230 2145 365 2184 exornare
378 2137 461 2200 atque
479 2131 648 2198 amplificare
667 2129 811 2190 studeant,
833 2125 866 2181 id

8 2211 9 2216 ¹
66 2197 177 2250 Platoni
189 2213 299 2267 quoque
311 2201 440 2268 contigit:
452 2198 573 2265 quidum
582 2195 661 2250 ideas
672 2195 753 2264 quasi
762 2193 864 2248 tholos

8 2289 9 2292 ¹
66 2264 198 2332 quasdam
211 2262 276 2316 'snas
291 2273 320 2317 et
331 2267 470 2333 proprium
483 2263 592 2332 ingenii
602 2263 646 2315 sui
660 2261 760 2324 fetum;
780 2275 864 2328 quan·

66 2329 863 2400 tumplurimumpotest‚omnibuscommendareconatur,

66 2397 153 2449 multa
162 2401 287 2467 protulit,
302 2414 373 2466 quae
382 2398 566 2459 Aristoteles,
579 2398 624 2464 qui
636 2396 763 2446 veritatis
771 2407 863 2444 amau·

63 2465 202 2526 tissimus,
222 2467 389 2533 aligmentls
403 2471 494 2517 autem
508 2471 537 2516 et
553 2464 587 2515 ab
603 2462 657 2514 olle
680 2462 748 2512 oriis
761 2461 790 2510 in
807 2465 863 2510 tra·

64 2531 167 2582 otanda
182 2529 360 2598 philosophia
373 2533 561 2584 alienissimus
572 2537 643 2590 erat,
660 2478 739 2578 {erre
749 2540 805 2604 non
814 2537 863 2592 po-

64 2599 127 2650 tuit.
138 2598 242 2650 Docuit
251 2600 332 2660 enim,
340 2613 387 2650 eas
394 2599 563 2654 substantias
569 2611 631 2648 asse
640 2596 674 2645 ob
683 2595 719 2643 iis
726 2591 863 2652 omnibus,

8 2679 9 2684 ¹
63 2679 135 2732 quae
145 2663 196 2714 sub
208 2680 317 2734 sensnm
328 2666 472 2729 caderent,
487 2660 740 2730 subintelligentia
748 2665 863 2720 tantum,

16 2733 18 2736 '
97 2731 358 2786 diuersorull.
632 2729 657 2791 ll
729 2773 735 2789 .

354 2881 372 2908 ἱ
769 2839 786 2876 χ
879 2891 884 2906 s
