<?xml version="1.0" encoding="UTF-8"?>
<!DOCTYPE html PUBLIC "-//W3C//DTD XHTML 1.0 Transitional//EN"
    "http://www.w3.org/TR/xhtml1/DTD/xhtml1-transitional.dtd">
<html xmlns="http://www.w3.org/1999/xhtml" xml:lang="en" lang="en">
 <head>
  <title>
</title>
<meta http-equiv="Content-Type" content="text/html;charset=utf-8" />
  <meta name='ocr-system' content='tesseract 3.04.00' />
  <meta name='ocr-capabilities' content='ocr_page ocr_carea ocr_par ocr_line ocrx_word'/>
</head>
<body>
  <div class='ocr_page' id='page_1' title='image "./mantoniimuretie01muregoog_0036.png"; bbox 0 0 2120 3018; ppageno 0'>
   <div class='ocr_carea' id='block_1_1' title="bbox 358 152 868 221">
    <p class='ocr_par' dir='ltr' id='par_1_1' title="bbox 358 152 868 221">
     <span class='ocr_line' id='line_1_1' title="bbox 358 152 868 221; baseline 0.016 -17"><span class='ocrx_word' id='word_1_1' title='bbox 358 152 512 206; x_wconf 82' lang='lat' dir='ltr'><strong>onsrro</strong></span> <span class='ocrx_word' id='word_1_2' title='bbox 530 153 584 207; x_wconf 88' lang='lat' dir='ltr'><strong>nr.</strong></span> <span class='ocrx_word' id='word_1_3' title='bbox 617 171 621 178; x_wconf 91' lang='lat'><strong>·</strong></span> <span class='ocrx_word' id='word_1_4' title='bbox 775 215 776 221; x_wconf 10' lang='lat' dir='ltr'><strong>q</strong></span> <span class='ocrx_word' id='word_1_5' title='bbox 835 155 868 214; x_wconf 81' lang='lat' dir='ltr'><strong>m</strong></span> 
     </span>
    </p>
   </div>
   <div class='ocr_carea' id='block_1_2' title="bbox 13 252 972 2516">
    <p class='ocr_par' dir='ltr' id='par_1_2' title="bbox 33 252 972 786">
     <span class='ocr_line' id='line_1_2' title="bbox 75 252 869 323; baseline 0.005 -19"><span class='ocrx_word' id='word_1_6' title='bbox 75 253 159 306; x_wconf 83' lang='lat' dir='ltr'><strong>menta</strong></span> <span class='ocrx_word' id='word_1_7' title='bbox 183 253 347 323; x_wconf 83' lang='lat' dir='ltr'><strong>opinionum</strong></span> <span class='ocrx_word' id='word_1_8' title='bbox 363 259 525 321; x_wconf 86' lang='lat' dir='ltr'><strong>sequentes,</strong></span> <span class='ocrx_word' id='word_1_9' title='bbox 556 252 609 306; x_wconf 90' lang='lat' dir='ltr'><strong>buc</strong></span> <span class='ocrx_word' id='word_1_10' title='bbox 629 253 709 318; x_wconf 85' lang='lat' dir='ltr'><strong>illuc,</strong></span> <span class='ocrx_word' id='word_1_11' title='bbox 730 262 869 322; x_wconf 87' lang='lat' dir='ltr'><strong>tamquam</strong></span> 
     </span>
     <span class='ocr_line' id='line_1_3' title="bbox 74 320 972 386; baseline 0.003 -15"><span class='ocrx_word' id='word_1_12' title='bbox 74 322 181 372; x_wconf 84' lang='lat' dir='ltr'><strong>incertis</strong></span> <span class='ocrx_word' id='word_1_13' title='bbox 201 322 258 372; x_wconf 90' lang='lat' dir='ltr'><strong>acti</strong></span> <span class='ocrx_word' id='word_1_14' title='bbox 272 321 496 386; x_wconf 85' lang='lat' dir='ltr'><strong>tempestatibus,</strong></span> <span class='ocrx_word' id='word_1_15' title='bbox 517 320 694 372; x_wconf 82' lang='lat' dir='ltr'><strong>fluctuabant.</strong></span> <span class='ocrx_word' id='word_1_16' title='bbox 729 322 870 374; x_wconf 80' lang='lat' dir='ltr'><strong>Interdum</strong></span> <span class='ocrx_word' id='word_1_17' title='bbox 969 379 972 384; x_wconf 65' lang='grc'>,</span> 
     </span>
     <span class='ocr_line' id='line_1_4' title="bbox 73 386 924 454; baseline 0.001 -17"><span class='ocrx_word' id='word_1_18' title='bbox 73 388 190 454; x_wconf 82' lang='lat' dir='ltr'><strong>itaqua*)</strong></span> <span class='ocrx_word' id='word_1_19' title='bbox 211 401 274 442; x_wconf 89' lang='lat' dir='ltr'><strong>curn</strong></span> <span class='ocrx_word' id='word_1_20' title='bbox 287 387 315 437; x_wconf 93' lang='lat' dir='ltr'><strong>in</strong></span> <span class='ocrx_word' id='word_1_21' title='bbox 327 387 438 438; x_wconf 88' lang='lat' dir='ltr'><strong>coelum</strong></span> <span class='ocrx_word' id='word_1_22' title='bbox 453 387 551 438; x_wconf 87' lang='lat' dir='ltr'><strong>oculos</strong></span> <span class='ocrx_word' id='word_1_23' title='bbox 570 387 741 438; x_wconf 75' lang='lat' dir='ltr'><strong>sustulerant</strong></span> <span class='ocrx_word' id='word_1_24' title='bbox 752 395 781 438; x_wconf 87' lang='lat' dir='ltr'><strong>et</strong></span> <span class='ocrx_word' id='word_1_25' title='bbox 792 388 869 440; x_wconf 90' lang='lat' dir='ltr'><strong>illam</strong></span> <span class='ocrx_word' id='word_1_26' title='bbox 920 386 924 400; x_wconf 84' lang='lat'>&#39;</span> 
     </span>
     <span class='ocr_line' id='line_1_5' title="bbox 73 453 963 506; baseline 0.001 -2"><span class='ocrx_word' id='word_1_27' title='bbox 73 454 260 504; x_wconf 79' lang='lat' dir='ltr'><strong>admirabilem</strong></span> <span class='ocrx_word' id='word_1_28' title='bbox 285 453 526 504; x_wconf 80' lang='lat' dir='ltr'><strong>innumerabilium</strong></span> <span class='ocrx_word' id='word_1_29' title='bbox 553 453 695 506; x_wconf 91' lang='lat' dir='ltr'><strong>stellarum</strong></span> <span class='ocrx_word' id='word_1_30' title='bbox 724 454 785 504; x_wconf 88' lang='lat' dir='ltr'><strong>sine</strong></span> <span class='ocrx_word' id='word_1_31' title='bbox 811 454 870 506; x_wconf 83' lang='lat' dir='ltr'><strong>ulla</strong></span> <span class='ocrx_word' id='word_1_32' title='bbox 955 475 963 486; x_wconf 80' lang='grc'><em>·</em></span> 
     </span>
     <span class='ocr_line' id='line_1_6' title="bbox 73 518 869 582; baseline 0.003 -12"><span class='ocrx_word' id='word_1_33' title='bbox 73 522 208 571; x_wconf 78' lang='lat' dir='ltr'><strong>erratione</strong></span> <span class='ocrx_word' id='word_1_34' title='bbox 218 520 424 572; x_wconf 80' lang='lat' dir='ltr'><strong>decurrentium</strong></span> <span class='ocrx_word' id='word_1_35' title='bbox 433 519 596 570; x_wconf 78' lang='lat' dir='ltr'><strong>varietatem</strong></span> <span class='ocrx_word' id='word_1_36' title='bbox 605 526 778 582; x_wconf 83' lang='lat' dir='ltr'><strong>notaverant,</strong></span> <span class='ocrx_word' id='word_1_37' title='bbox 785 518 869 572; x_wconf 81' lang='lat' dir='ltr'><strong>facile</strong></span> 
     </span>
     <span class='ocr_line' id='line_1_7' title="bbox 70 586 869 654; baseline 0 -17"><span class='ocrx_word' id='word_1_38' title='bbox 70 586 276 654; x_wconf 83' lang='lat' dir='ltr'><strong>intelligebant,</strong></span> <span class='ocrx_word' id='word_1_39' title='bbox 290 593 457 653; x_wconf 86' lang='lat' dir='ltr'><strong>praepotens</strong></span> <span class='ocrx_word' id='word_1_40' title='bbox 472 586 586 652; x_wconf 83' lang='lat' dir='ltr'><strong>aliquod</strong></span> <span class='ocrx_word' id='word_1_41' title='bbox 602 600 701 638; x_wconf 86' lang='lat' dir='ltr'><strong>numen</strong></span> <span class='ocrx_word' id='word_1_42' title='bbox 714 600 778 639; x_wconf 85' lang='lat' dir='ltr'><strong>esse</strong></span> <span class='ocrx_word' id='word_1_43' title='bbox 788 601 869 652; x_wconf 88' lang='lat' dir='ltr'><strong>opor·</strong></span> 
     </span>
     <span class='ocr_line' id='line_1_8' title="bbox 71 652 868 719; baseline 0 -13"><span class='ocrx_word' id='word_1_44' title='bbox 71 652 317 716; x_wconf 86' lang='lat' dir='ltr'><strong>tere,immensum,</strong></span> <span class='ocrx_word' id='word_1_45' title='bbox 325 653 631 715; x_wconf 72' lang='lat' dir='ltr'><strong>inlinitumacternum,</strong></span> <span class='ocrx_word' id='word_1_46' title='bbox 640 653 714 719; x_wconf 91' lang='lat' dir='ltr'><strong>quod</strong></span> <span class='ocrx_word' id='word_1_47' title='bbox 724 653 765 703; x_wconf 91' lang='lat' dir='ltr'><strong>illi</strong></span> <span class='ocrx_word' id='word_1_48' title='bbox 774 659 868 719; x_wconf 72' lang='lat' dir='ltr'><strong>tantae</strong></span> 
     </span>
     <span class='ocr_line' id='line_1_9' title="bbox 33 718 869 786; baseline 0 -16"><span class='ocrx_word' id='word_1_49' title='bbox 33 775 36 779; x_wconf 63' lang='grc'>,</span> <span class='ocrx_word' id='word_1_50' title='bbox 71 721 136 770; x_wconf 87' lang='lat' dir='ltr'><strong>moli</strong></span> <span class='ocrx_word' id='word_1_51' title='bbox 146 719 332 786; x_wconf 71' lang='lat' dir='ltr'><strong>praesideret,</strong></span> <span class='ocrx_word' id='word_1_52' title='bbox 348 731 428 785; x_wconf 89' lang='lat' dir='ltr'><strong>aquo</strong></span> <span class='ocrx_word' id='word_1_53' title='bbox 442 718 512 770; x_wconf 89' lang='lat' dir='ltr'><strong>hacc</strong></span> <span class='ocrx_word' id='word_1_54' title='bbox 524 733 616 770; x_wconf 88' lang='lat' dir='ltr'><strong>rerum</strong></span> <span class='ocrx_word' id='word_1_55' title='bbox 630 721 795 771; x_wconf 76' lang='lat' dir='ltr'><strong>universitas</strong></span> <span class='ocrx_word' id='word_1_56' title='bbox 810 725 838 770; x_wconf 88' lang='lat' dir='ltr'><strong>et</strong></span> <span class='ocrx_word' id='word_1_57' title='bbox 852 735 869 770; x_wconf 82' lang='lat' dir='ltr'><strong>a</strong></span> 
     </span>
    </p>

    <p class='ocr_par' dir='ltr' id='par_1_3' title="bbox 70 785 911 1316">
     <span class='ocr_line' id='line_1_10' title="bbox 72 785 868 853; baseline -0.001 -17"><span class='ocrx_word' id='word_1_58' title='bbox 72 787 202 853; x_wconf 89' lang='lat' dir='ltr'><strong>principio</strong></span> <span class='ocrx_word' id='word_1_59' title='bbox 220 787 374 839; x_wconf 88' lang='lat' dir='ltr'><strong>constituta</strong></span> <span class='ocrx_word' id='word_1_60' title='bbox 388 792 474 848; x_wconf 90' lang='lat' dir='ltr'><strong>esset,</strong></span> <span class='ocrx_word' id='word_1_61' title='bbox 492 791 521 836; x_wconf 90' lang='lat' dir='ltr'><strong>et</strong></span> <span class='ocrx_word' id='word_1_62' title='bbox 530 787 590 837; x_wconf 89' lang='lat' dir='ltr'><strong>eius</strong></span> <span class='ocrx_word' id='word_1_63' title='bbox 600 787 719 840; x_wconf 88' lang='lat' dir='ltr'><strong>consilio</strong></span> <span class='ocrx_word' id='word_1_64' title='bbox 729 802 762 838; x_wconf 85' lang='lat' dir='ltr'><strong>ac</strong></span> <span class='ocrx_word' id='word_1_65' title='bbox 771 785 868 836; x_wconf 82' lang='lat' dir='ltr'><strong>volun-</strong></span> 
     </span>
     <span class='ocr_line' id='line_1_11' title="bbox 71 851 868 922; baseline 0.003 -20"><span class='ocrx_word' id='word_1_66' title='bbox 71 858 125 904; x_wconf 89' lang='lat' dir='ltr'><strong>tate</strong></span> <span class='ocrx_word' id='word_1_67' title='bbox 147 858 305 921; x_wconf 85' lang='lat' dir='ltr'><strong>regeretur.</strong></span> <span class='ocrx_word' id='word_1_68' title='bbox 339 851 444 904; x_wconf 87' lang='lat' dir='ltr'><strong>Rursus</strong></span> <span class='ocrx_word' id='word_1_69' title='bbox 467 858 561 922; x_wconf 84' lang='lat' dir='ltr'><strong>autem</strong></span> <span class='ocrx_word' id='word_1_70' title='bbox 580 868 641 904; x_wconf 90' lang='lat' dir='ltr'><strong>curn</strong></span> <span class='ocrx_word' id='word_1_71' title='bbox 664 866 772 914; x_wconf 90' lang='lat' dir='ltr'><strong>eorum,</strong></span> <span class='ocrx_word' id='word_1_72' title='bbox 816 867 868 904; x_wconf 88' lang='lat' dir='ltr'><strong>uae</strong></span> 
     </span>
     <span class='ocr_line' id='line_1_12' title="bbox 72 917 866 980; baseline 0.004 -12"><span class='ocrx_word' id='word_1_73' title='bbox 72 917 140 970; x_wconf 88' lang='lat' dir='ltr'><strong>inira</strong></span> <span class='ocrx_word' id='word_1_74' title='bbox 148 920 231 972; x_wconf 88' lang='lat' dir='ltr'><strong>lunae</strong></span> <span class='ocrx_word' id='word_1_75' title='bbox 243 920 338 970; x_wconf 87' lang='lat' dir='ltr'><strong>orbem</strong></span> <span class='ocrx_word' id='word_1_76' title='bbox 350 923 422 980; x_wconf 86' lang='lat' dir='ltr'><strong>sunt,</strong></span> <span class='ocrx_word' id='word_1_77' title='bbox 432 919 645 970; x_wconf 77' lang='lat' dir='ltr'><strong>inconstantiam</strong></span> <span class='ocrx_word' id='word_1_78' title='bbox 656 933 688 972; x_wconf 87' lang='lat' dir='ltr'><strong>ac</strong></span> <span class='ocrx_word' id='word_1_79' title='bbox 699 917 802 970; x_wconf 87' lang='lat' dir='ltr'><strong>mutabi</strong></span> <span class='ocrx_word' id='word_1_80' title='bbox 818 922 866 971; x_wconf 87' lang='lat' dir='ltr'><strong>&#39;ta-</strong></span> 
     </span>
     <span class='ocr_line' id='line_1_13' title="bbox 70 983 866 1054; baseline 0.003 -20"><span class='ocrx_word' id='word_1_81' title='bbox 70 991 122 1036; x_wconf 90' lang='lat' dir='ltr'><strong>tem</strong></span> <span class='ocrx_word' id='word_1_82' title='bbox 132 987 273 1048; x_wconf 83' lang='lat' dir='ltr'><strong>riderent,</strong></span> <span class='ocrx_word' id='word_1_83' title='bbox 286 983 394 1036; x_wconf 90' lang='lat' dir='ltr'><strong>nihilin</strong></span> <span class='ocrx_word' id='word_1_84' title='bbox 405 985 446 1036; x_wconf 87' lang='lat' dir='ltr'><strong>eis</strong></span> <span class='ocrx_word' id='word_1_85' title='bbox 456 985 548 1037; x_wconf 87' lang='lat' dir='ltr'><strong>inesse</strong></span> <span class='ocrx_word' id='word_1_86' title='bbox 558 992 676 1048; x_wconf 87' lang='lat' dir='ltr'><strong>eertum,</strong></span> <span class='ocrx_word' id='word_1_87' title='bbox 691 983 866 1054; x_wconf 77' lang='lat' dir='ltr'><strong>nihilperpa-</strong></span> 
     </span>
     <span class='ocr_line' id='line_1_14' title="bbox 72 1051 866 1118; baseline 0.001 -17"><span class='ocrx_word' id='word_1_88' title='bbox 72 1057 155 1116; x_wconf 89' lang='lat' dir='ltr'><strong>tuum,</strong></span> <span class='ocrx_word' id='word_1_89' title='bbox 173 1051 246 1104; x_wconf 89' lang='lat' dir='ltr'><strong>nihil</strong></span> <span class='ocrx_word' id='word_1_90' title='bbox 260 1058 405 1114; x_wconf 76' lang='lat' dir='ltr'><strong>constans,</strong></span> <span class='ocrx_word' id='word_1_91' title='bbox 426 1066 460 1102; x_wconf 90' lang='lat' dir='ltr'><strong>eo</strong></span> <span class='ocrx_word' id='word_1_92' title='bbox 474 1052 691 1117; x_wconf 84' lang='lat' dir='ltr'><strong>prolabebantur</strong></span> <span class='ocrx_word' id='word_1_93' title='bbox 703 1053 866 1118; x_wconf 82' lang='lat' dir='ltr'><strong>impietatis,</strong></span> 
     </span>
     <span class='ocr_line' id='line_1_15' title="bbox 73 1118 911 1186; baseline 0.001 -18"><span class='ocrx_word' id='word_1_94' title='bbox 73 1125 100 1168; x_wconf 91' lang='lat' dir='ltr'><strong>ut</strong></span> <span class='ocrx_word' id='word_1_95' title='bbox 118 1122 217 1186; x_wconf 88' lang='lat' dir='ltr'><strong>partlm</strong></span> <span class='ocrx_word' id='word_1_96' title='bbox 236 1133 274 1169; x_wconf 85' lang='lat' dir='ltr'><strong>ex</strong></span> <span class='ocrx_word' id='word_1_97' title='bbox 289 1119 415 1169; x_wconf 90' lang='lat' dir='ltr'><strong>omnibus</strong></span> <span class='ocrx_word' id='word_1_98' title='bbox 434 1118 516 1169; x_wconf 92' lang='lat' dir='ltr'><strong>rebus</strong></span> <span class='ocrx_word' id='word_1_99' title='bbox 531 1119 650 1170; x_wconf 83' lang='lat' dir='ltr'><strong>divinam</strong></span> <span class='ocrx_word' id='word_1_100' title='bbox 663 1119 865 1185; x_wconf 82' lang='lat' dir='ltr'><strong>providentiam</strong></span> <span class='ocrx_word' id='word_1_101' title='bbox 876 1128 911 1160; x_wconf 74' lang='lat' dir='ltr'><strong>s..</strong></span> 
     </span>
     <span class='ocr_line' id='line_1_16' title="bbox 71 1183 865 1252; baseline 0.003 -18"><span class='ocrx_word' id='word_1_102' title='bbox 71 1185 209 1247; x_wconf 88' lang='lat' dir='ltr'><strong>tollerent,</strong></span> <span class='ocrx_word' id='word_1_103' title='bbox 224 1183 327 1252; x_wconf 87' lang='lat' dir='ltr'><strong>partim</strong></span> <span class='ocrx_word' id='word_1_104' title='bbox 341 1197 442 1250; x_wconf 87' lang='lat' dir='ltr'><strong>supera</strong></span> <span class='ocrx_word' id='word_1_105' title='bbox 454 1185 564 1250; x_wconf 90' lang='lat' dir='ltr'><strong>quidem</strong></span> <span class='ocrx_word' id='word_1_106' title='bbox 577 1201 609 1236; x_wconf 90' lang='lat' dir='ltr'><strong>ac</strong></span> <span class='ocrx_word' id='word_1_107' title='bbox 624 1186 760 1238; x_wconf 86' lang='lat' dir='ltr'><strong>coelestia</strong></span> <span class='ocrx_word' id='word_1_108' title='bbox 773 1194 865 1237; x_wconf 90' lang='lat' dir='ltr'><strong>mente</strong></span> 
     </span>
     <span class='ocr_line' id='line_1_17' title="bbox 71 1249 864 1316; baseline 0.003 -16"><span class='ocrx_word' id='word_1_109' title='bbox 71 1264 101 1301; x_wconf 86' lang='lat' dir='ltr'><strong>aa</strong></span> <span class='ocrx_word' id='word_1_110' title='bbox 119 1253 237 1303; x_wconf 90' lang='lat' dir='ltr'><strong>consilio</strong></span> <span class='ocrx_word' id='word_1_111' title='bbox 258 1251 333 1316; x_wconf 80' lang='lat' dir='ltr'><strong>regi,</strong></span> <span class='ocrx_word' id='word_1_112' title='bbox 362 1249 432 1302; x_wconf 89' lang='lat' dir='ltr'><strong>baec</strong></span> <span class='ocrx_word' id='word_1_113' title='bbox 453 1258 545 1304; x_wconf 89' lang='lat' dir='ltr'><strong>autem</strong></span> <span class='ocrx_word' id='word_1_114' title='bbox 565 1251 702 1304; x_wconf 80' lang='lat' dir='ltr'><strong>inferiora</strong></span> <span class='ocrx_word' id='word_1_115' title='bbox 723 1255 784 1304; x_wconf 91' lang='lat' dir='ltr'><strong>sine</strong></span> <span class='ocrx_word' id='word_1_116' title='bbox 806 1253 864 1302; x_wconf 91' lang='lat' dir='ltr'><strong>ullo</strong></span> 
     </span>
    </p>

    <p class='ocr_par' dir='ltr' id='par_1_4' title="bbox 13 1315 941 2516">
     <span class='ocr_line' id='line_1_18' title="bbox 13 1315 865 1385; baseline 0.002 -19"><span class='ocrx_word' id='word_1_117' title='bbox 13 1331 14 1334; x_wconf 44' lang='lat'>¹</span> <span class='ocrx_word' id='word_1_118' title='bbox 71 1324 176 1370; x_wconf 89' lang='lat' dir='ltr'><strong>rectore</strong></span> <span class='ocrx_word' id='word_1_119' title='bbox 193 1318 311 1369; x_wconf 89' lang='lat' dir='ltr'><strong>incertis</strong></span> <span class='ocrx_word' id='word_1_120' title='bbox 328 1315 457 1368; x_wconf 81' lang='lat' dir='ltr'><strong>fortunae</strong></span> <span class='ocrx_word' id='word_1_121' title='bbox 476 1319 586 1368; x_wconf 89' lang='lat' dir='ltr'><strong>casibus</strong></span> <span class='ocrx_word' id='word_1_122' title='bbox 605 1318 706 1385; x_wconf 78' lang='lat' dir='ltr'><strong>agitari</strong></span> <span class='ocrx_word' id='word_1_123' title='bbox 726 1319 865 1369; x_wconf 84' lang='lat' dir='ltr'><strong>existima·</strong></span> 
     </span>
     <span class='ocr_line' id='line_1_19' title="bbox 70 1383 865 1446; baseline 0.003 -14"><span class='ocrx_word' id='word_1_124' title='bbox 70 1391 135 1436; x_wconf 88' lang='lat' dir='ltr'><strong>rent.</strong></span> <span class='ocrx_word' id='word_1_125' title='bbox 170 1385 227 1437; x_wconf 86' lang='lat' dir='ltr'><strong>Sed</strong></span> <span class='ocrx_word' id='word_1_126' title='bbox 238 1399 301 1435; x_wconf 90' lang='lat' dir='ltr'><strong>cum</strong></span> <span class='ocrx_word' id='word_1_127' title='bbox 311 1389 340 1434; x_wconf 87' lang='lat' dir='ltr'><strong>et</strong></span> <span class='ocrx_word' id='word_1_128' title='bbox 348 1385 454 1435; x_wconf 86' lang='lat' dir='ltr'><strong>dierum</strong></span> <span class='ocrx_word' id='word_1_129' title='bbox 462 1398 495 1434; x_wconf 89' lang='lat' dir='ltr'><strong>ac</strong></span> <span class='ocrx_word' id='word_1_130' title='bbox 503 1385 625 1436; x_wconf 90' lang='lat' dir='ltr'><strong>noctium</strong></span> <span class='ocrx_word' id='word_1_131' title='bbox 636 1383 865 1446; x_wconf 83' lang='lat' dir='ltr'><strong>vicissitudinem,</strong></span> 
     </span>
     <span class='ocr_line' id='line_1_20' title="bbox 70 1449 865 1518; baseline 0 -18"><span class='ocrx_word' id='word_1_132' title='bbox 70 1456 97 1500; x_wconf 90' lang='lat' dir='ltr'><strong>et</strong></span> <span class='ocrx_word' id='word_1_133' title='bbox 118 1452 345 1518; x_wconf 82' lang='lat' dir='ltr'><strong>quadripertitam</strong></span> <span class='ocrx_word' id='word_1_134' title='bbox 367 1452 432 1501; x_wconf 88' lang='lat' dir='ltr'><strong>anni</strong></span> <span class='ocrx_word' id='word_1_135' title='bbox 452 1456 607 1516; x_wconf 89' lang='lat' dir='ltr'><strong>temporum</strong></span> <span class='ocrx_word' id='word_1_136' title='bbox 627 1449 813 1512; x_wconf 62' lang='lat' dir='ltr'><strong>&#39;varietatem</strong></span> <span class='ocrx_word' id='word_1_137' title='bbox 837 1456 865 1502; x_wconf 88' lang='lat' dir='ltr'><strong>et</strong></span> 
     </span>
     <span class='ocr_line' id='line_1_21' title="bbox 71 1516 864 1570; baseline 0.001 -4"><span class='ocrx_word' id='word_1_138' title='bbox 71 1523 143 1568; x_wconf 84' lang='lat' dir='ltr'><strong>certa</strong></span> <span class='ocrx_word' id='word_1_139' title='bbox 156 1525 214 1570; x_wconf 90' lang='lat' dir='ltr'><strong>tum</strong></span> <span class='ocrx_word' id='word_1_140' title='bbox 231 1516 336 1568; x_wconf 90' lang='lat' dir='ltr'><strong>dierum</strong></span> <span class='ocrx_word' id='word_1_141' title='bbox 349 1521 407 1568; x_wconf 85' lang='lat' dir='ltr'><strong>tum</strong></span> <span class='ocrx_word' id='word_1_142' title='bbox 421 1517 544 1567; x_wconf 86' lang='lat' dir='ltr'><strong>noctium</strong></span> <span class='ocrx_word' id='word_1_143' title='bbox 558 1521 587 1567; x_wconf 88' lang='lat' dir='ltr'><strong>et</strong></span> <span class='ocrx_word' id='word_1_144' title='bbox 598 1517 769 1568; x_wconf 86' lang='lat' dir='ltr'><strong>incrementa</strong></span> <span class='ocrx_word' id='word_1_145' title='bbox 779 1523 807 1566; x_wconf 92' lang='lat' dir='ltr'><strong>et</strong></span> <span class='ocrx_word' id='word_1_146' title='bbox 818 1516 864 1567; x_wconf 88' lang='lat' dir='ltr'><strong>de-</strong></span> 
     </span>
     <span class='ocr_line' id='line_1_22' title="bbox 72 1577 865 1650; baseline 0.005 -18"><span class='ocrx_word' id='word_1_147' title='bbox 72 1585 223 1646; x_wconf 86' lang='lat' dir='ltr'><strong>cessiones,</strong></span> <span class='ocrx_word' id='word_1_148' title='bbox 238 1590 267 1634; x_wconf 89' lang='lat' dir='ltr'><strong>et</strong></span> <span class='ocrx_word' id='word_1_149' title='bbox 277 1577 369 1633; x_wconf 81' lang='lat' dir='ltr'><strong>omnia</strong></span> <span class='ocrx_word' id='word_1_150' title='bbox 381 1581 507 1634; x_wconf 88' lang='lat' dir='ltr'><strong>humanis</strong></span> <span class='ocrx_word' id='word_1_151' title='bbox 521 1583 617 1634; x_wconf 88' lang='lat' dir='ltr'><strong>usibus</strong></span> <span class='ocrx_word' id='word_1_152' title='bbox 632 1581 780 1650; x_wconf 70' lang='lat' dir='ltr'><strong>servientia</strong></span> <span class='ocrx_word' id='word_1_153' title='bbox 789 1583 865 1636; x_wconf 84' lang='lat' dir='ltr'><strong>vide·</strong></span> 
     </span>
     <span class='ocr_line' id='line_1_23' title="bbox 70 1646 863 1717; baseline 0.003 -17"><span class='ocrx_word' id='word_1_154' title='bbox 70 1657 138 1714; x_wconf 87' lang='lat' dir='ltr'><strong>rent,</strong></span> <span class='ocrx_word' id='word_1_155' title='bbox 159 1646 314 1704; x_wconf 74' lang='lat' dir='ltr'><strong>haerebant</strong></span> <span class='ocrx_word' id='word_1_156' title='bbox 335 1650 461 1712; x_wconf 88' lang='lat' dir='ltr'><strong>attoniti,</strong></span> <span class='ocrx_word' id='word_1_157' title='bbox 474 1654 507 1700; x_wconf 88' lang='lat' dir='ltr'><strong>ut</strong></span> <span class='ocrx_word' id='word_1_158' title='bbox 524 1651 569 1717; x_wconf 91' lang='lat' dir='ltr'><strong>qui</strong></span> <span class='ocrx_word' id='word_1_159' title='bbox 584 1651 786 1716; x_wconf 86' lang='lat' dir='ltr'><strong>perspicerent,</strong></span> <span class='ocrx_word' id='word_1_160' title='bbox 804 1657 863 1702; x_wconf 88' lang='lat' dir='ltr'><strong>tan·</strong></span> 
     </span>
     <span class='ocr_line' id='line_1_24' title="bbox 71 1715 862 1781; baseline 0.004 -15"><span class='ocrx_word' id='word_1_161' title='bbox 71 1721 161 1769; x_wconf 84' lang='lat' dir='ltr'><strong>tumet</strong></span> <span class='ocrx_word' id='word_1_162' title='bbox 173 1726 232 1769; x_wconf 89' lang='lat' dir='ltr'><strong>tam</strong></span> <span class='ocrx_word' id='word_1_163' title='bbox 245 1716 385 1781; x_wconf 80' lang='lat' dir='ltr'><strong>sapienter</strong></span> <span class='ocrx_word' id='word_1_164' title='bbox 401 1715 557 1768; x_wconf 88' lang='lat' dir='ltr'><strong>institutum</strong></span> <span class='ocrx_word' id='word_1_165' title='bbox 570 1717 695 1768; x_wconf 84' lang='lat' dir='ltr'><strong>ordinem</strong></span> <span class='ocrx_word' id='word_1_166' title='bbox 710 1718 764 1767; x_wconf 87' lang='lat' dir='ltr'><strong>nisi</strong></span> <span class='ocrx_word' id='word_1_167' title='bbox 774 1733 791 1767; x_wconf 89' lang='lat' dir='ltr'><strong>a</strong></span> <span class='ocrx_word' id='word_1_168' title='bbox 800 1718 862 1769; x_wconf 87' lang='lat' dir='ltr'><strong>Deo</strong></span> 
     </span>
     <span class='ocr_line' id='line_1_25' title="bbox 71 1782 862 1850; baseline 0.006 -18"><span class='ocrx_word' id='word_1_169' title='bbox 71 1795 201 1837; x_wconf 89' lang='lat' dir='ltr'><strong>essenon</strong></span> <span class='ocrx_word' id='word_1_170' title='bbox 223 1797 316 1850; x_wconf 84' lang='lat' dir='ltr'><strong>posse.</strong></span> <span class='ocrx_word' id='word_1_171' title='bbox 351 1782 591 1844; x_wconf 80' lang='lat' dir='ltr'><strong>conturbabantur</strong></span> <span class='ocrx_word' id='word_1_172' title='bbox 606 1791 698 1834; x_wconf 86' lang='lat' dir='ltr'><strong>tamen</strong></span> <span class='ocrx_word' id='word_1_173' title='bbox 718 1799 778 1835; x_wconf 88' lang='lat' dir='ltr'><strong>curn</strong></span> <span class='ocrx_word' id='word_1_174' title='bbox 799 1785 862 1837; x_wconf 88' lang='lat' dir='ltr'><strong>aliis</strong></span> 
     </span>
     <span class='ocr_line' id='line_1_26' title="bbox 71 1847 862 1918; baseline 0.005 -20"><span class='ocrx_word' id='word_1_175' title='bbox 71 1851 248 1916; x_wconf 84' lang='lat' dir='ltr'><strong>argumentis,</strong></span> <span class='ocrx_word' id='word_1_176' title='bbox 268 1856 326 1900; x_wconf 85' lang='lat' dir='ltr'><strong>tum</strong></span> <span class='ocrx_word' id='word_1_177' title='bbox 338 1847 391 1902; x_wconf 89' lang='lat' dir='ltr'><strong>hoc</strong></span> <span class='ocrx_word' id='word_1_178' title='bbox 404 1851 566 1918; x_wconf 86' lang='lat' dir='ltr'><strong>praecipue,</strong></span> <span class='ocrx_word' id='word_1_179' title='bbox 585 1851 658 1916; x_wconf 92' lang='lat' dir='ltr'><strong>quod</strong></span> <span class='ocrx_word' id='word_1_180' title='bbox 673 1853 701 1901; x_wconf 91' lang='lat' dir='ltr'><strong>in</strong></span> <span class='ocrx_word' id='word_1_181' title='bbox 717 1851 798 1902; x_wconf 86' lang='lat' dir='ltr'><strong>rebus</strong></span> <span class='ocrx_word' id='word_1_182' title='bbox 815 1851 862 1902; x_wconf 88' lang='lat' dir='ltr'><strong>hu·</strong></span> 
     </span>
     <span class='ocr_line' id='line_1_27' title="bbox 70 1913 862 1998; baseline 0.005 -34"><span class='ocrx_word' id='word_1_183' title='bbox 70 1917 385 1968; x_wconf 84' lang='lat' dir='ltr'><strong>oranismuitaridcrent</strong></span> <span class='ocrx_word' id='word_1_184' title='bbox 398 1932 479 1968; x_wconf 90' lang='lat' dir='ltr'><strong>secus</strong></span> <span class='ocrx_word' id='word_1_185' title='bbox 494 1913 622 1979; x_wconf 79' lang='lat' dir='ltr'><strong>evenire,</strong></span> <span class='ocrx_word' id='word_1_186' title='bbox 632 1931 712 1984; x_wconf 89' lang='lat' dir='ltr'><strong>quam</strong></span> <span class='ocrx_word' id='word_1_187' title='bbox 727 1919 779 1998; x_wconf 88' lang='lat' dir='ltr'><strong>ipsi</strong></span> <span class='ocrx_word' id='word_1_188' title='bbox 795 1915 862 1969; x_wconf 88' lang='lat' dir='ltr'><strong>diri-</strong></span> 
     </span>
     <span class='ocr_line' id='line_1_28' title="bbox 71 1983 941 2052; baseline 0.011 -22"><span class='ocrx_word' id='word_1_189' title='bbox 71 1995 119 2032; x_wconf 87' lang='lat' dir='ltr'><strong>nae</strong></span> <span class='ocrx_word' id='word_1_190' title='bbox 137 1985 290 2052; x_wconf 82' lang='lat' dir='ltr'><strong>sapientiae</strong></span> <span class='ocrx_word' id='word_1_191' title='bbox 309 1987 341 2046; x_wconf 78' lang='lat' dir='ltr'><strong>qo</strong></span> <span class='ocrx_word' id='word_1_192' title='bbox 358 1983 475 2035; x_wconf 86' lang='lat' dir='ltr'><strong>bonitati</strong></span> <span class='ocrx_word' id='word_1_193' title='bbox 495 1983 643 2036; x_wconf 86' lang='lat' dir='ltr'><strong>convenire</strong></span> <span class='ocrx_word' id='word_1_194' title='bbox 663 1986 862 2037; x_wconf 78' lang='lat' dir='ltr'><strong>existimarent.</strong></span> <span class='ocrx_word' id='word_1_195' title='bbox 938 2029 941 2040; x_wconf 94' lang='grc'><em>,</em></span> 
     </span>
     <span class='ocr_line' id='line_1_29' title="bbox 72 2045 936 2118; baseline 0.007 -21"><span class='ocrx_word' id='word_1_196' title='bbox 72 2045 174 2100; x_wconf 80' lang='lat' dir='ltr'><strong>Etenim</strong></span> <span class='ocrx_word' id='word_1_197' title='bbox 187 2052 230 2102; x_wconf 84' lang='lat' dir='ltr'><strong>ita</strong></span> <span class='ocrx_word' id='word_1_198' title='bbox 242 2049 412 2102; x_wconf 77' lang='lat' dir='ltr'><strong>statuebantt</strong></span> <span class='ocrx_word' id='word_1_199' title='bbox 431 2050 455 2102; x_wconf 90' lang='lat' dir='ltr'><strong>si</strong></span> <span class='ocrx_word' id='word_1_200' title='bbox 469 2047 646 2102; x_wconf 85' lang='lat' dir='ltr'><strong>humanarum</strong></span> <span class='ocrx_word' id='word_1_201' title='bbox 659 2065 750 2102; x_wconf 87' lang='lat' dir='ltr'><strong>rerum</strong></span> <span class='ocrx_word' id='word_1_202' title='bbox 764 2066 862 2118; x_wconf 87' lang='lat' dir='ltr'><strong>procu·</strong></span> <span class='ocrx_word' id='word_1_203' title='bbox 934 2065 936 2078; x_wconf 77' lang='lat'><strong>⁴</strong></span> 
     </span>
     <span class='ocr_line' id='line_1_30' title="bbox 71 2115 861 2184; baseline 0.009 -22"><span class='ocrx_word' id='word_1_204' title='bbox 71 2115 200 2168; x_wconf 87' lang='lat' dir='ltr'><strong>rationem</strong></span> <span class='ocrx_word' id='word_1_205' title='bbox 214 2115 428 2180; x_wconf 85' lang='lat' dir='ltr'><strong>baberetDeus,</strong></span> <span class='ocrx_word' id='word_1_206' title='bbox 440 2115 515 2179; x_wconf 85' lang='lat' dir='ltr'><strong>iore,</strong></span> <span class='ocrx_word' id='word_1_207' title='bbox 529 2123 561 2168; x_wconf 92' lang='lat' dir='ltr'><strong>ut</strong></span> <span class='ocrx_word' id='word_1_208' title='bbox 573 2117 655 2168; x_wconf 89' lang='lat' dir='ltr'><strong>bonis</strong></span> <span class='ocrx_word' id='word_1_209' title='bbox 670 2131 702 2168; x_wconf 88' lang='lat' dir='ltr'><strong>ac</strong></span> <span class='ocrx_word' id='word_1_210' title='bbox 714 2118 767 2184; x_wconf 87' lang='lat' dir='ltr'><strong>piis</strong></span> <span class='ocrx_word' id='word_1_211' title='bbox 782 2125 811 2169; x_wconf 92' lang='lat' dir='ltr'><strong>et</strong></span> <span class='ocrx_word' id='word_1_212' title='bbox 820 2119 861 2169; x_wconf 89' lang='lat' dir='ltr'><strong>iu·</strong></span> 
     </span>
     <span class='ocr_line' id='line_1_31' title="bbox 72 2181 861 2249; baseline 0.01 -21"><span class='ocrx_word' id='word_1_213' title='bbox 72 2181 160 2234; x_wconf 88' lang='lat' dir='ltr'><strong>stitiae</strong></span> <span class='ocrx_word' id='word_1_214' title='bbox 170 2183 324 2235; x_wconf 89' lang='lat' dir='ltr'><strong>cultoribus</strong></span> <span class='ocrx_word' id='word_1_215' title='bbox 333 2184 404 2234; x_wconf 87' lang='lat' dir='ltr'><strong>bene</strong></span> <span class='ocrx_word' id='word_1_216' title='bbox 415 2190 499 2246; x_wconf 84' lang='lat' dir='ltr'><strong>esset,</strong></span> <span class='ocrx_word' id='word_1_217' title='bbox 510 2184 600 2246; x_wconf 88' lang='lat' dir='ltr'><strong>malis,</strong></span> <span class='ocrx_word' id='word_1_218' title='bbox 610 2185 701 2249; x_wconf 88' lang='lat' dir='ltr'><strong>impiis</strong></span> <span class='ocrx_word' id='word_1_219' title='bbox 713 2191 741 2235; x_wconf 91' lang='lat' dir='ltr'><strong>et</strong></span> <span class='ocrx_word' id='word_1_220' title='bbox 750 2185 861 2236; x_wconf 87' lang='lat' dir='ltr'><strong>iniustis</strong></span> 
     </span>
     <span class='ocr_line' id='line_1_32' title="bbox 71 2249 861 2318; baseline 0.009 -22"><span class='ocrx_word' id='word_1_221' title='bbox 71 2249 146 2300; x_wconf 81' lang='lat' dir='ltr'><strong>ursle</strong></span> <span class='ocrx_word' id='word_1_222' title='bbox 179 2249 260 2302; x_wconf 89' lang='lat' dir='ltr'><strong>Nunc</strong></span> <span class='ocrx_word' id='word_1_223' title='bbox 273 2257 364 2302; x_wconf 82' lang='lat' dir='ltr'><strong>autern</strong></span> <span class='ocrx_word' id='word_1_224' title='bbox 378 2255 475 2306; x_wconf 76' lang='lat' dir='ltr'><strong>conus</strong></span> <span class='ocrx_word' id='word_1_225' title='bbox 486 2250 629 2314; x_wconf 80' lang='lat' dir='ltr'><strong>videbant,</strong></span> <span class='ocrx_word' id='word_1_226' title='bbox 647 2253 765 2318; x_wconf 90' lang='lat' dir='ltr'><strong>optimos</strong></span> <span class='ocrx_word' id='word_1_227' title='bbox 780 2266 861 2318; x_wconf 88' lang='lat' dir='ltr'><strong>quos-</strong></span> 
     </span>
     <span class='ocr_line' id='line_1_33' title="bbox 71 2316 861 2386; baseline 0.001 -21"><span class='ocrx_word' id='word_1_228' title='bbox 71 2325 120 2377; x_wconf 86' lang='lat' dir='ltr'><strong>que</strong></span> <span class='ocrx_word' id='word_1_229' title='bbox 133 2316 291 2384; x_wconf 86' lang='lat' dir='ltr'><strong>plerumque</strong></span> <span class='ocrx_word' id='word_1_230' title='bbox 306 2318 393 2382; x_wconf 87' lang='lat' dir='ltr'><strong>premi</strong></span> <span class='ocrx_word' id='word_1_231' title='bbox 406 2323 579 2386; x_wconf 84' lang='lat' dir='ltr'><strong>paupertate,</strong></span> <span class='ocrx_word' id='word_1_232' title='bbox 596 2332 657 2368; x_wconf 89' lang='lat' dir='ltr'><strong>eum</strong></span> <span class='ocrx_word' id='word_1_233' title='bbox 670 2317 748 2368; x_wconf 91' lang='lat' dir='ltr'><strong>multi</strong></span> <span class='ocrx_word' id='word_1_234' title='bbox 761 2319 861 2384; x_wconf 90' lang='lat' dir='ltr'><strong>impro-</strong></span> 
     </span>
     <span class='ocr_line' id='line_1_34' title="bbox 70 2377 862 2451; baseline 0.008 -23"><span class='ocrx_word' id='word_1_235' title='bbox 70 2377 96 2429; x_wconf 91' lang='lat' dir='ltr'><strong>bi</strong></span> <span class='ocrx_word' id='word_1_236' title='bbox 106 2380 207 2434; x_wconf 85' lang='lat' dir='ltr'><strong>diritiis</strong></span> <span class='ocrx_word' id='word_1_237' title='bbox 218 2383 400 2448; x_wconf 83' lang='lat' dir='ltr'><strong>abundarent3</strong></span> <span class='ocrx_word' id='word_1_238' title='bbox 415 2384 610 2451; x_wconf 84' lang='lat' dir='ltr'><strong>ignominiam,</strong></span> <span class='ocrx_word' id='word_1_239' title='bbox 630 2384 770 2446; x_wconf 86' lang='lat' dir='ltr'><strong>exsilium,</strong></span> <span class='ocrx_word' id='word_1_240' title='bbox 788 2384 862 2434; x_wconf 88' lang='lat' dir='ltr'><strong>orbi·</strong></span> 
     </span>
     <span class='ocr_line' id='line_1_35' title="bbox 71 2450 909 2516; baseline 0 -20"><span class='ocrx_word' id='word_1_241' title='bbox 71 2450 164 2512; x_wconf 83' lang='lat' dir='ltr'><strong>tatem,</strong></span> <span class='ocrx_word' id='word_1_242' title='bbox 177 2450 303 2513; x_wconf 89' lang='lat' dir='ltr'><strong>morbos,</strong></span> <span class='ocrx_word' id='word_1_243' title='bbox 313 2456 465 2513; x_wconf 84' lang='lat' dir='ltr'><strong>tormenta,</strong></span> <span class='ocrx_word' id='word_1_244' title='bbox 479 2451 617 2508; x_wconf 88' lang='lat' dir='ltr'><strong>cruciatus</strong></span> <span class='ocrx_word' id='word_1_245' title='bbox 643 2450 784 2516; x_wconf 88' lang='lat' dir='ltr'><strong>proprium</strong></span> <span class='ocrx_word' id='word_1_246' title='bbox 794 2462 861 2514; x_wconf 89' lang='lat' dir='ltr'><strong>quo·</strong></span> <span class='ocrx_word' id='word_1_247' title='bbox 907 2467 909 2480; x_wconf 89' lang='grc'><strong><em>·</em></strong></span> 
     </span>
    </p>
   </div>
   <div class='ocr_carea' id='block_1_3' title="bbox 73 2511 861 2672">
    <p class='ocr_par' dir='ltr' id='par_1_5' title="bbox 73 2511 861 2672">
     <span class='ocr_line' id='line_1_36' title="bbox 73 2511 860 2604; baseline -0.005 -40"><span class='ocrx_word' id='word_1_248' title='bbox 73 2511 213 2569; x_wconf 84' lang='lat' dir='ltr'><strong>dammodo</strong></span> <span class='ocrx_word' id='word_1_249' title='bbox 242 2517 380 2570; x_wconf 90' lang='lat' dir='ltr'><strong>bonorum</strong></span> <span class='ocrx_word' id='word_1_250' title='bbox 409 2518 532 2570; x_wconf 79' lang='lat' dir='ltr'><strong>virorum</strong></span> <span class='ocrx_word' id='word_1_251' title='bbox 563 2517 759 2604; x_wconf 67' lang='lat' dir='ltr'><strong>patrimonium</strong></span> <span class='ocrx_word' id='word_1_252' title='bbox 788 2525 860 2573; x_wconf 87' lang='lat' dir='ltr'><strong>esse,</strong></span> 
     </span>
     <span class='ocr_line' id='line_1_37' title="bbox 106 2605 861 2672; baseline 0 -14"><span class='ocrx_word' id='word_1_253' title='bbox 106 2613 125 2667; x_wconf 89' lang='lat'><strong>&#39;)</strong></span> <span class='ocrx_word' id='word_1_254' title='bbox 140 2615 186 2659; x_wconf 78' lang='lat' dir='ltr'><strong>cie.</strong></span> <span class='ocrx_word' id='word_1_255' title='bbox 196 2617 276 2672; x_wconf 81' lang='lat' dir='ltr'><strong>partit.</strong></span> <span class='ocrx_word' id='word_1_256' title='bbox 286 2622 344 2660; x_wconf 81' lang='lat' dir='ltr'><strong>oret.</strong></span> <span class='ocrx_word' id='word_1_257' title='bbox 353 2617 374 2658; x_wconf 78' lang='grc' dir='ltr'><strong>τ.</strong></span> <span class='ocrx_word' id='word_1_258' title='bbox 382 2616 401 2672; x_wconf 71' lang='lat' dir='ltr'><strong>fl.</strong></span> <span class='ocrx_word' id='word_1_259' title='bbox 411 2619 445 2659; x_wconf 78' lang='lat'><strong>28.</strong></span> <span class='ocrx_word' id='word_1_260' title='bbox 456 2611 519 2658; x_wconf 83' lang='lat' dir='ltr'><strong>Phil.</strong></span> <span class='ocrx_word' id='word_1_261' title='bbox 527 2611 581 2658; x_wconf 87' lang='lat' dir='ltr'><strong>Vll.</strong></span> <span class='ocrx_word' id='word_1_262' title='bbox 592 2617 613 2657; x_wconf 77' lang='lat'><strong>8.</strong></span> <span class='ocrx_word' id='word_1_263' title='bbox 624 2613 644 2668; x_wconf 68' lang='lat' dir='ltr'><strong>fi.</strong></span> <span class='ocrx_word' id='word_1_264' title='bbox 653 2617 674 2656; x_wconf 80' lang='lat'><strong>8.</strong></span> <span class='ocrx_word' id='word_1_265' title='bbox 684 2623 725 2663; x_wconf 70' lang='lat' dir='ltr'><strong>ero</strong></span> <span class='ocrx_word' id='word_1_266' title='bbox 735 2607 811 2663; x_wconf 80' lang='lat' dir='ltr'><strong>itaqtae</strong></span> <span class='ocrx_word' id='word_1_267' title='bbox 820 2605 861 2658; x_wconf 80' lang='lat'><strong>(⁸¹-</strong></span> 
     </span>
    </p>
   </div>
   <div class='ocr_carea' id='block_1_4' title="bbox 71 2663 656 2776">
    <p class='ocr_par' dir='ltr' id='par_1_6' title="bbox 71 2663 656 2776">
     <span class='ocr_line' id='line_1_38' title="bbox 71 2663 656 2776; baseline -0.017 -55"><span class='ocrx_word' id='word_1_268' title='bbox 71 2664 147 2725; x_wconf 55' lang='lat' dir='ltr'><strong>¹iliter)</strong></span> <span class='ocrx_word' id='word_1_269' title='bbox 158 2675 227 2728; x_wconf 81' lang='lat' dir='ltr'><strong>pacis,</strong></span> <span class='ocrx_word' id='word_1_270' title='bbox 237 2673 392 2724; x_wconf 81' lang='lat' dir='ltr'><strong>utitadiesra,</strong></span> <span class='ocrx_word' id='word_1_271' title='bbox 403 2663 513 2716; x_wconf 78' lang='lat' dir='ltr'><strong>alumnus.</strong></span> <span class='ocrx_word' id='word_1_272' title='bbox 603 2723 625 2772; x_wconf 70' lang='lat' dir='ltr'><strong>R</strong></span> <span class='ocrx_word' id='word_1_273' title='bbox 641 2729 656 2776; x_wconf 51' lang='grc' dir='ltr'><em>Ἄ</em></span> 
     </span>
    </p>
   </div>
   <div class='ocr_carea' id='block_1_5' title="bbox 0 0 1064 3018">
    <p class='ocr_par' dir='ltr' id='par_1_7' title="bbox 0 0 1064 3018">
     <span class='ocr_line' id='line_1_39' title="bbox 0 0 1064 3018; baseline 0 0"><span class='ocrx_word' id='word_1_274' title='bbox 0 0 1064 3018; x_wconf 95' lang='lat' dir='ltr'><strong> </strong></span> 
     </span>
    </p>
   </div>
  </div>
 </body>
</html>
