2120 3018
73 163 79 174 =
176 133 209 186 26
466 129 619 183 ORATIO
637 128 683 182 111

175 235 227 286 bra
239 243 291 284 sua
302 230 437 300 fugabant
448 230 574 290 morbos,
594 229 701 282 claudis
713 229 865 293 incessum,
883 230 979 284 sardis

178 298 314 362 auditum,
334 299 425 352 caesis
439 311 518 370 uuum
533 294 677 346 oculorum
690 296 888 360 restituebant,
904 313 979 349 mor·

177 379 242 420 tuos
252 366 282 418 in
296 367 380 416 vitam
392 362 573 424 revocabant,
592 361 647 412 nisi
662 362 759 428 vulgus
773 361 914 414 hominum
927 379 979 417 eos

92 469 94 474 -
178 435 265 500 ipsos,
277 447 327 500 per
336 446 405 498 quos
414 434 471 478 tam
481 427 567 478 nrolta
578 428 753 480 admirabilia
763 442 849 495 opera
859 430 979 482 edeban-

179 509 225 551 tur
239 501 360 558 esurire,
370 495 463 556 sitire,
475 493 583 574 algere,
594 501 753 561 aegrotare,
764 495 855 557 caedi,
868 498 980 548 mutila-

178 567 216 629 ri,
231 565 408 628 eiusdemque
420 575 531 627 generis
547 560 603 612 alia
624 561 837 614 innumerabilia
851 564 979 629 quotidie

180 632 274 684 subire
298 643 332 678 aa
349 626 473 693 perferre
494 627 628 679 vidisseti
659 627 706 681 Sic
725 643 834 697 quoque
853 631 978 696 quamvis

178 694 416 757 vociferarentur,
431 693 501 745 nihil
516 707 612 746 eorum
625 710 677 746 sua
688 696 791 747 virtute
805 696 879 760 fieri,
899 695 978 748 Chri·

180 769 253 816 stum
262 775 338 824 esse,
352 761 400 827 qui
411 775 461 826 per
473 760 617 812 doctrinae
627 777 693 813 suae
706 776 859 828 praecones
873 778 907 816 ea
916 779 977 830 per-

180 829 290 890 ficeret,
305 817 458 887 simion
471 827 605 896 impedire
617 835 759 893 poterant,
773 843 808 882 ne
823 831 877 882 sibi
891 830 978 882 divini

180 893 302 945 honores
316 891 490 944 haberentur.
524 893 566 945 Ad
576 893 692 944 Paulum
702 895 812 962 quidem
825 903 854 948 et
866 896 901 946 ad
910 896 989 946 Bar--

180 960 279 1012 nubam
288 960 456 1026 Lystrenses
470 959 617 1026 aliquando
629 961 712 1012 etiam
721 968 815 1012 tauros
827 967 977 1014 coronatos

110 1048 113 1054 ·
180 1025 366 1087 adduxerant,
378 1040 447 1092 quos
458 1027 498 1076 eis
508 1031 644 1092 tamquam
655 1026 717 1077 Diis
731 1027 873 1079 immolare
885 1029 978 1096 cupie-

179 1093 259 1156 bant,
276 1093 333 1143 nisi
349 1092 379 1143 id
397 1092 453 1157 ipsi
470 1103 575 1142 summa
587 1094 614 1142 vi
631 1092 846 1158 prohibuissent.
881 1096 979 1146 Tertia

180 1165 347 1224 caussaest,
357 1165 388 1208 ut
397 1163 521 1224 potestas
532 1157 586 1208 Dei
600 1163 677 1211 tanto
692 1161 781 1226 magis
795 1159 978 1226 elucescat*),

180 1226 229 1291 qui
238 1239 288 1292 per
297 1223 423 1276 homines
435 1223 600 1287 imbecilles,
614 1227 718 1278 morbis
729 1227 878 1288 obnoxios,
895 1243 977 1295 egen·

180 1300 233 1351 tes,
245 1290 403 1358 carcepibus
414 1297 442 1341 et
452 1291 599 1358 ergastulis
610 1293 730 1356 clausos,
738 1293 856 1344 vinculis
867 1300 896 1344 et
904 1309 978 1344 com·

181 1357 298 1424 pedibus
312 1357 472 1424 impeditos,
490 1359 595 1410 catenis
610 1366 738 1420 onustos,
754 1373 788 1409 ea
799 1357 897 1421 faciat,
910 1375 978 1426 quo·

126 1445 130 1454 =
181 1440 242 1478 rum
250 1439 295 1476 ma
333 1424 466 1483 itudinam
480 1425 672 1477 oeteriomnes
686 1425 890 1491 obshrpescant.
924 1427 979 1478 lta·

182 1507 235 1559 que
246 1490 287 1543 Pa
317 1508 349 1542 ns
360 1491 420 1557 ipse
438 1505 500 1544 eum
513 1492 604 1544 fessus
619 1491 699 1543 malis
718 1492 836 1560 quodam
852 1498 979 1558 tempora

182 1559 311 1623 petiisset
324 1573 341 1608 a
352 1557 429 1620 Deo,
449 1563 509 1608 uta
522 1571 553 1608 sa
571 1564 662 1609 tantas
680 1559 744 1610 illas
765 1564 794 1610 et
809 1566 866 1609 tam
877 1560 979 1610 multas

182 1624 350 1676 acerbitates
373 1630 528 1687 amoveret,
550 1639 712 1690 responsum
733 1623 786 1676 hoe
804 1626 879 1676 tulit:
907 1624 980 1676 aaut

183 1689 232 1740 titt
241 1689 287 1751 tit,
304 1691 375 1756 quod
383 1690 449 1741 mitt
457 1706 534 1741 correo
544 1699 715 1756 acceptasque
726 1705 760 1740 er.
798 1690 857 1754 Quo
870 1691 939 1743 entra
948 1698 980 1742 tu

182 1753 317 1823 infirmior
327 1771 364 1817 et,
376 1764 403 1808 et
407 1756 528 1834 pluribus
540 1753 742 1823 difficultatibus
757 1771 807 1808 eoo
828 1757 933 1821 iotario,
947 1773 980 1808 ao

182 1820 269 1889 arogis
293 1822 458 1890 percpicttur
483 1828 603 1888 potestas
633 1822 754 1886 meost).
817 1831 896 1874 uarta
925 1829 981 1888 est,
1049 1831 1050 1834 ’

183 1888 270 1952 quod,
285 1889 309 1938 si
323 1889 404 1940 bonis
416 1888 483 1940 viris
498 1887 734 1954 omnia-prospere
747 1889 941 1953 succederent,
954 1892 983 1944 si

183 1954 287 2005 divitiis
298 1955 482 2014 abundarent,
497 1952 522 2002 si
535 1950 694 2006 colerentur
703 1968 735 2007 ae
749 1957 954 2023 suspicerentur
964 1972 984 2010 u

183 2023 297 2084 ceteris,
312 2023 337 2072 si
345 2033 481 2085 nunquam
492 2022 683 2083 aegrotarent,
695 2037 831 2088 nunquam
841 2022 982 2087 dolerent,

182 2087 288 2140 nullum
296 2084 500 2138 incommodum
510 2083 654 2147 sentirent,
665 2086 796 2143 fortassis
808 2087 984 2142 existimaret

87 2175 92 2180 ·
182 2153 296 2222 vulgus,
312 2168 360 2203 aos
371 2152 500 2216 pietatem
513 2148 608 2200 colere
623 2166 679 2202 non
691 2158 788 2216 suapte
802 2156 914 2218 sponte,
929 2157 983 2209 sed

181 2220 232 2270 illa
243 2221 322 2287 quasi
335 2215 462 2266 mercede
478 2214 594 2265 allectos
606 2221 634 2265 et
648 2215 789 2270 inritatos.
823 2216 903 2269 Nune
917 2234 982 2274 cum

183 2300 232 2337 eos
244 2286 432 2350 magestas,
447 2294 502 2330 non
517 2281 684 2346 ignominia,
698 2298 753 2336 non
767 2286 905 2338 cruciatus
919 2301 981 2338 cor-

182 2353 272 2418 poris,
286 2363 341 2400 non
356 2355 534 2412 tyrannorum
547 2349 675 2414 saevitia,
690 2366 746 2403 non
758 2354 855 2405 mortis
865 2359 981 2408 aretusa

219 2469 240 2522 ¹)
255 2467 337 2510 Eloceo
352 2467 458 2511 Latinum
472 2472 518 2517 ert.
531 2482 576 2512 non
588 2471 693 2518 erucem.
722 2471 783 2520 Vide
796 2475 934 2532 interpretes
949 2474 980 2520 ad
1041 2492 1047 2521 r

183 2523 289 2566 buerant.
298 2522 359 2574 vll..
371 2529 403 2568 14.
413 2523 432 2578 ξ
444 2528 464 2568 d.
480 2525 567 2569 Ruhnk.

211 2578 243 2632 ¹⁸)
258 2579 289 2622 IL
299 2580 328 2622 ad
343 2580 446 2625 Corinth.
456 2596 476 2626 e.
488 2586 520 2626 12.
532 2585 552 2626 9.
563 2588 676 2642 maslaco
687 2593 698 2646 h
705 2593 765 2645 χάρις
778 2604 829 2646 μου·
843 2592 903 2648 hyde
912 2590 966 2635 etv«

183 2641 219 2690 μὶς
226 2655 268 2692 uuo
277 2643 301 2684 de
310 2639 409 2700 ἆσθονιίςι
418 2647 535 2689 teusetae.
