2120 3018
157 155 192 208 ae
217 173 220 178 ·
443 119 597 211 ortsrro
615 160 668 212 111.

157 331 201 378 ter
209 325 343 390 feramus,
358 342 446 394 neque
461 327 681 392 despondeamus
692 329 823 392 animum,
838 336 886 380 aut
898 337 954 381 sta·

156 394 205 443 tier
216 401 364 460 propterea
374 394 435 448 Deo
446 394 551 444 invisos
562 409 688 446 essenos
702 395 877 458 arbitremur,
892 411 955 448 cum

156 460 192 510 iis
207 475 329 528 quoque,
345 461 390 526 qui
401 459 462 510 Dee
478 460 613 512 carissimi
627 467 655 510 et
669 462 856 526 acceptissimi
866 463 956 526 erant,

157 532 205 578 aut
214 527 310 578 eadem
321 533 369 576 aut
378 526 507 592 graviora
518 527 669 592 contigisse
681 527 830 578 videamus.
867 529 958 596 Septi·
1040 575 1042 584 ,

156 607 213 654 rna,
228 607 263 644 ne
274 592 347 643 ullus
361 593 587 658 tergiversationi
597 595 676 645 locus
687 595 735 654 sit,
751 594 775 644 si
786 595 847 659 quis
858 609 910 645 nos
920 595 955 648 ad

155 659 267 716 illorum
284 659 484 725 praestantium
496 661 617 709 virorum
631 661 814 710 imitationem
827 659 956 712 cohorte·

156 731 213 787 tur,
228 725 306 790 quasi
317 738 366 776 eos
377 739 432 776 non
443 725 580 786 eiusdem,
594 728 672 776 cuius
685 735 713 777 et
723 743 774 778 nos
785 743 891 788 sumus,
905 727 956 780 sed

156 790 301 842 divinioris
309 791 450 842 cuiusdam
462 800 574 842 naturae
584 785 672 842 fuisse
683 807 850 845 caussemur.
873 794 955 844 Octa-

57 298 67 310 .
157 241 279 326 queque,
290 259 314 312 si
325 259 433 328 quando
444 259 500 322 tale
511 259 615 327 aliquid
625 260 706 312 nobis
716 262 838 326 eveniet,
847 263 953 329 patien-
1050 247 1051 318 ζ

156 873 203 919 va,
225 863 255 906 ut
270 851 402 917 sciamus,
424 859 522 923 quibus
541 854 624 908 rebus
638 858 801 910 felicitatem
815 857 908 910 metiri
921 874 955 912 ac
1050 871 1051 914 i

157 923 291 989 dirigere,
306 937 430 990 quosque
441 923 560 974 ex-onrni
573 923 714 975 hominum
728 940 841 977 nurnero
856 925 959 978 felices.

155 1004 189 1042 ac
203 991 316 1051 beatos,
335 1004 405 1056 quos
419 997 517 1040 contra
529 989 657 1041 infelices
672 1007 706 1042 ac
718 992 837 1042 miseros
852 993 962 1045 ducere'

155 1055 314 1108 debeamus·
348 1055 410 1106 Non
425 1057 509 1118 enim,
530 1058 576 1123 qui
590 1058 677 1108 multa
696 1058 833 1123 possidet,
854 1058 954 1116 beatus

156 1127 211 1184 est,
228 1121 277 1172 sed
290 1121 376 1173 multo
390 1123 440 1172 ille
454 1123 575 1185 beatior,
613 1125 639 1173 ui
654 1139 709 1174 non
721 1129 826 1174 tantum
840 1125 954 1178 divitias

66 1223 69 1232 ,
153 1203 210 1242 non
221 1189 402 1254 concupiscit,
413 1189 516 1250 sediis,
530 1204 598 1257 quas
628 1189 703 1250 abet,
714 1190 787 1241 ultro
798 1205 828 1243 se
841 1191 953 1256 spoliat,

132 1257 134 1260 '
153 1260 185 1304 ut
200 1255 288 1320 copiis
302 1256 360 1306 suis
379 1255 498 1306 eliorum
511 1257 632 1323 inopiam
652 1255 787 1308 sublevet.
822 1255 885 1310 Non
904 1258 954 1324 qui

153 1321 288 1372 innocens
299 1321 420 1384 exsulat,
433 1323 582 1385 miserest,
597 1322 647 1373 sed
657 1328 733 1373 tanto
747 1321 870 1385 felicior,
885 1325 910 1374 si
924 1321 955 1375 id
1050 1305 1051 1368 Ῐ

154 1400 244 1454 aequo
260 1389 350 1439 animo
365 1387 458 1440 ferens
472 1404 584 1455 operam
603 1388 665 1452 det,
679 1403 713 1440 ne
729 1389 763 1439 ab
777 1390 827 1440 illa
840 1395 956 1440 aeterna

155 1467 188 1504 ac
201 1454 319 1505 coelesti
328 1456 417 1521 patria
430 1458 586 1520 exsulare*)
601 1463 731 1522 cogatur3
748 1472 804 1509 non
814 1457 860 1523 qui
873 1456 954 1508 firnro

155 1532 188 1570 ac
197 1521 301 1571 valenti
311 1536 428 1588 corpore
439 1529 495 1585 est,
510 1522 590 1586 felix,
604 1523 654 1574 sed
663 1523 724 1585 ille,
741 1525 786 1588 qui
797 1525 825 1574 in
836 1536 954 1589 corpore

155 1587 306 1652 quamlibet
323 1589 432 1640 infirmo
451 1597 612 1657 perpetuant
630 1591 714 1640 auinri
727 1591 829 1639 retinet
841 1589 955 1640 firmita-

153 1657 223 1714 tem3
242 1667 297 1703 non
316 1656 360 1705 eui
374 1655 470 1712 ,multa
488 1655 558 1706 dura
575 1663 604 1708 et
621 1669 756 1722 perpessu
775 1669 874 1734 aspera
893 1669 955 1707 eve-

153 1718 246 1779 niunt,
270 1719 367 1784 miser,
387 1722 437 1772 sed
454 1723 479 1772 is
492 1724 598 1788 potius,
622 1722 671 1835 qui
687 1731 833 1785 prosper-rs
846 1737 956 1774 succes·

152 1783 232 1834 sibus
251 1785 356 1850 ebrius,
376 1803 465 1856 neque
483 1789 566 1841 altius
582 1802 635 1838 ocu
648 1801 679 1836 os
696 1788 795 1838 nrentis
812 1788 955 1850 attollens,

76 1894 81 1903 ,
152 1849 183 1899 in
196 1851 308 1902 caducis
318 1868 351 1905 ec
360 1853 506 1906 fallaelbus
517 1853 597 1912 huius
611 1854 684 1902 vitae
698 1851 779 1903 bonis
793 1855 954 1921 acquiescit.

153 1914 247 1980 Nona,
265 1925 297 1970 ut
308 1921 397 1987 magis
411 1922 567 1972 illustretur
581 1933 676 1969 eorum
690 1920 814 1984 patienta
827 1935 859 1970 ac
875 1920 955 1972 forti·

153 1982 232 2046 tudo,
240 1986 287 2050 qui
298 2001 328 2036 se
338 2001 355 2038 a
365 1986 568 2037 calamitatibus
579 1985 650 2034 vinci
662 2000 715 2037 non
727 1987 829 2037 sinunt.
856 1985 954 2054 Neque
1050 1991 1051 2004 ¹

154 2049 227 2101 enim
237 2065 254 2102 a
266 2050 345 2102 nobis
356 2057 602 2119 cognoscerentur,
614 2051 666 2102 nisi
678 2051 764 2102 aDeo
774 2053 803 2100 in
813 2049 954 2104 huiusmo-

153 2113 184 2166 di
197 2117 394 2169 certaminibus
408 2123 613 2168 exercerentur.
648 2117 763 2177 Aureae,
784 2123 814 2168 ut
829 2115 953 2170 dicturus

154 2188 198 2232 est
216 2183 390 2250 Seneca**),
409 2181 512 2248 probat
530 2181 613 2248 ignit,
637 2181 742 2233 misertis
757 2179 849 2246 fortes
872 2181 952 2234 ciros.

152 2247 282 2308 Decima,
301 2247 431 2314 quoniam
446 2245 580 2298 humanae
596 2254 710 2299 naturae
723 2245 902 2308 imbecillitas
917 2265 953 2302 ne

110 2323 113 2332 ’
154 2315 275 2381 optimos
294 2313 405 2379 quidem
423 2313 498 2365 viros
519 2315 607 2365 omnis
625 2315 732 2380 peccati
747 2320 874 2377 expertes
890 2331 953 2370 esse

151 2382 272 2445 patitur,
297 2393 387 2444 neque
407 2381 551 2446 quisquam
570 2387 618 2432 aut
637 2386 680 2433 est
701 2386 749 2431 sut
770 2378 824 2432 fuit
841 2391 953 2450 praeter

150 2447 346 2512 paucissimos,
366 2447 464 2512 qulbus
484 2447 514 2500 id
529 2445 737 2521 singuiari'Dei
752 2449 889 2506 beneflcio
902 2453 951 2505 tri-
966 2457 971 2463 “

187 2537 209 2606 ὲ)
224 2551 326 2598 Martini.
337 2553 441 2612 Spectet.
452 2555 494 2602 IV.
504 2559 524 2604 f.
754 2603 756 2607 ,

177 2667 198 2690 ,ι
276 2609 376 2657 Euolet
384 2613 485 2662 Ausonia
495 2615 606 2676 profusus
617 2614 705 2664 rlelator
713 2614 741 2661 ab
752 2611 815 2660 urbe.

198 2663 209 2721 )
225 2663 306 2717 State.
316 2681 367 2728 cap.
375 2671 396 2716 t.

1043 2488 1048 2539 ι

1044 2564 1051 2624 r

1050 2755 1051 2826 l
