2140 3010
364 145 655 221 ‚nnnnsnrron
728 183 737 194 .
862 147 913 202 sss
966 177 969 184 -

113 251 291 308 contineanti
306 256 337 303 ut
348 265 408 302 eum
419 249 581 300 insecundo
593 248 781 315 posteriorum
789 248 913 318 Analyti·

112 337 210 374 corum
220 326 343 370 extremo
356 318 522 380 ait‚sensum
531 317 648 368 essenii
658 314 787 378 καθόλου,
793 323 841 368 aut
852 333 913 372 cum

112 388 142 438 in
154 393 235 440 sexto
246 385 421 448 Ethicorum,
438 399 550 436 sensum
560 398 622 434 esse
632 390 765 448 mentem,
779 390 828 436 aut
841 400 912 448 cum,

131 457 159 504 ui
172 455 202 504 in
216 453 369 520 categoriis
378 451 490 518 species
505 457 533 502 et
545 464 650 534 genero
664 450 835 502 substautias
848 466 911 504 esse
930 487 935 491 -

101 470 243 582 dixisset,
257 521 332 572 idem
345 527 426 572 sexto
438 521 489 571 τῶν
501 535 569 579 μετα
578 515 612 568 τὰ
622 515 717 583 φυσικά
727 517 822 580 docet,
842 517 913 583 nihil

112 584 257 645 commune
268 601 419 654 posseesse
430 583 621 647 substantiam,
631 591 679 635 aut
688 598 750 635 curn
760 585 910 652 inTopicis

111 653 203 715 Deum
214 653 315 706 animal
329 668 391 706 esse
405 653 486 715 dicit,
505 658 553 702 aut
563 649 623 704 eum
633 652 662 702 in
673 652 767 720 quinto
783 653 817 704 de
827 667 910 719 geue·

110 723 220 774 ratione
231 719 399 782 animalium,
415 720 523 770 animae
534 718 616 788 pleno
625 734 689 770 esse
701 720 800 770 onmia
838 720 911 781 Quid

110 788 191 855 pluro
202 787 366 856 persequar?
386 782 543 855 Quamlibet
554 789 625 837 enim
635 786 723 838 multa
733 787 810 842 nullo
825 801 910 855 nego·

111 857 152 906 tio
168 855 265 922 colligi
279 861 406 921 possunt.
440 853 516 921 Ergo
531 854 556 904 si
568 852 623 905 hoc
637 861 744 904 tantum
753 855 782 906 in
793 853 911 906 Platone

112 920 291 988 reprehendit
299 920 479 984 Aristoteles,
500 921 573 989 quod
589 934 624 972 ex
636 921 728 972 verbis
741 921 828 987 ipsius
839 920 911 974 nrale

112 989 263 1053 intellectis
276 988 349 1042 falsa
359 989 493 1056 quaedam
510 995 540 1038 et
549 987 670 1040 absurda
682 989 779 1055 colligi
793 989 911 1054 possint,

113 1070 206 1108 suo-se
215 1057 333 1123 ipsemet
343 1057 437 1123 gladio
449 1054 627 1122 iugulaverit.
661 1055 767 1107 Eadem
781 1057 854 1108 euim
864 1071 912 1108 ¹re-

112 1121 261 1190 prehensio
271 1124 300 1175 in
309 1125 399 1189 ipsum
410 1122 567 1186 retorqueri
581 1127 684 1187 potest.
717 1121 790 1174 lllud
802 1138 912 1190 quoque
948 1161 952 1169 .

112 1205 169 1242 nou
179 1191 283 1240 iniuria
292 1189 444 1256 quaesierit
456 1187 572 1253 aliquis,
591 1201 640 1236 cur
653 1192 731 1238 tanto
746 1189 839 1242 studio
849 1190 912 1242 Pla·

113 1257 271 1308 tonicorum
282 1257 410 1322 princeps
420 1253 561 1316 Plotinus,
575 1251 725 1314 Proculus,
742 1253 912 1321 Simplicius,

113 1325 174 1390 ipse
188 1321 347 1372 Aristotelis
362 1320 531 1388 argumentis
544 1320 715 1386 respondere
735 1326 763 1371 et
779 1321 912 1374 adversus

115 1405 150 1442 ea
160 1388 285 1440 Platonis
296 1390 462 1440 seutentiam
473 1387 623 1440 defendere
635 1387 754 1450 soleant,
765 1388 790 1438 si
800 1402 834 1438 ea
843 1387 914 1442 nihil

115 1456 306 1514 serratorum
319 1455 492 1522 pertineantl
507 1453 578 1507 Num
591 1456 616 1506 si
632 1459 730 1506 contra
743 1468 792 1506 eos
806 1461 913 1508 tontum

115 1529 323 1592 argumentatur
331 1522 509 1585 Aristoteles,
529 1524 576 1589 qui
586 1519 732 1572 Platonem
747 1521 818 1572 male
834 1523 914 1576 intel·

114 1593 217 1658 ligant,
237 1591 303 1657 quid
314 1604 429 1642 caussae
441 1596 496 1652 est,
517 1603 565 1640 eur
576 1595 619 1650 tu,
639 1587 685 1655 qui
697 1587 859 1640 Platonicus
873 1603 914 1652 es,

115 1665 279 1724 argumenta
290 1658 366 1710 illius
383 1656 536 1711 dissolvesl
555 1655 643 1718 Quasi
661 1655 853 1722 imperitorum
869 1655 915 1708 de·

102 1724 270 1786 ¹,sensionem
299 1725 435 1791 suscipias
468 1730 496 1776 et
527 1723 639 1775 illorum
669 1736 769 1774 caussa
794 1722 914 1776 labores.
978 1723 979 1726 ’

113 1792 262 1854 Postremo
278 1791 304 1842 si
322 1789 486 1842 Aristoleles
505 1783 566 1858 ipse
585 1787 700 1852 clamat,
719 1803 750 1840 se
768 1787 916 1844 Platonem

112 1859 204 1927 ipsum
214 1863 310 1925 petere
322 1865 352 1910 et
361 1857 395 1908 ab
406 1873 447 1920 eo,
456 1857 619 1920 dissentire,
641 1863 670 1908 et
681 1855 819 1908 interdum
834 1873 915 1910 ercu-
993 1906 1002 1912 .

113 1931 158 1977 sat
171 1939 215 1990 se,
233 1922 414 1988 uthocloco,
432 1923 829 1992 interdumindicetcuussasf
845 1941 915 1993 quae

113 1992 308 2056 Platonemin
330 2007 454 2045 errorem
473 1991 652 2059 impulerunt:
677 1992 818 2060 quidest,
840 1994 915 2060 quod

114 2062 259 2127 quisquam
276 2059 345 2113 velit
362 2060 524 2128 ingeniosus
540 2073 603 2112 esse
616 2061 646 2110 in
665 2058 856 2112 conciliandis.
867 2061 913 2124 iis,

114 2141 231 2193 quorum
242 2143 328 2191 unus,
342 2143 372 2180 se
383 2129 417 2179 ab
429 2129 518 2179 altero
530 2127 679 2180 dissentire
690 2126 855 2194 profiteturi

84 2257 90 2270 ἱ
148 2193 204 2260 Sed
214 2202 279 2257 sunt
289 2195 408 2275 quidam,
420 2193 518 2263 quibus
528 2194 608 2246 nefas
618 2195 738 2256 videtur,
753 2193 833 2257 duos,
846 2209 912 2262 quo·

112 2261 347 2314 rumdedoctrrna
358 2277 458 2330 magna
469 2264 506 2314 sit
516 2263 621 2328 opinio,
627 2261 777 2313 dissentire
787 2262 860 2314 inter
870 2276 910 2314 se.

113 2328 211 2395 ltaque
226 2329 319 2380 omnis
333 2335 482 2390 conantur,
496 2334 527 2378 ut
538 2329 681 2380 eosetiam
691 2327 795 2379 invitos
808 2329 837 2378 in
847 2343 911 2380 con-

96 2449 100 2460 ,
113 2395 238 2448 cordiam
249 2395 391 2463 redigant:
411 2395 520 2463 qualem
529 2395 618 2446 fuisse
633 2395 728 2446 dicunt
740 2395 769 2446 in
783 2395 914 2450 medendi

110 2469 173 2515 ana
184 2461 334 2530 quendam,
353 2463 399 2513 cui
409 2477 443 2514 ex
453 2477 482 2513 re
497 2461 668 2514 consiliaturi
681 2475 781 2513 nomen
794 2463 914 2514 inditum

78 2574 81 2581 .
112 2535 165 2591 est,
176 2530 250 2596 quod
262 2529 371 2582 efficere
382 2529 478 2591 noluit,
489 2534 520 2580 ut
529 2529 604 2581 iuter
614 2527 750 2580 Galenum
760 2533 790 2579 et
798 2529 914 2582 Avioen·

111 2611 174 2648 nam
185 2602 320 2663 perpetuo
331 2597 501 2648 conveniret.
525 2595 651 2656 Memini,
668 2609 728 2646 eum
738 2609 808 2661 puer
818 2596 846 2646 in
856 2601 913 2648 stu·

112 2663 159 2714 dia
171 2662 241 2716 iuris
254 2661 346 2716 civilis
361 2663 561 2727 incumberem,
581 2661 656 2714 idem
668 2659 797 2715 iactitare
811 2663 912 2716 solitos
