2150 3012
298 177 455 268 ΟΜΈῙΟ
481 175 597 232 xvlll.
698 203 703 211 ·
816 177 868 232 163

17 360 148 448 pura
173 313 870 450 aonnrrouirssrnnna'uonaun
933 450 941 456 Α
974 360 984 370 “

267 471 671 526 orscrrmnneuu.

70 553 880 658 ·ornr1oxv111.‘.
1007 513 1011 524 ²

106 691 372 792 pleriqueeorum,
386 724 591 792 quiquotannis
603 721 872 776 exhoelocoverba
925 787 927 792 Ι
955 765 957 770 ,

74 792 189 855 iaciunt,
212 791 327 844 laudare
340 791 448 843 litteras
463 797 492 842 et
500 792 636 858 ingenuas
647 797 735 856 artes,
754 803 871 858 vosque,

75 859 266 912 adolescentes
319 858 392 924 timi,
412 858 448 910 ad
463 872 510 908 eas
523 864 584 910 toto
603 863 719 925 pectore
740 857 886 910 assandas·

75 942 108 978 ae
122 925 254 978 colendas
268 939 302 976 ex
324 925 410 996 ortari
423 930 507 991 atque
521 926 639 978 incitare
659 933 872 978 consueverunt.
951 947 953 952 ¹

75 992 197 1056 Quorum
215 1007 379 1060 ego-neque
399 991 545 1044 consilium
563 991 753 1060 reprehendo,
783 987 874 1060 neque

74 1068 166 1114 tamen
180 1061 272 1112 omnia
284 1060 313 1110 in
330 1075 364 1111 eo
378 1059 472 1126 posita
485 1073 548 1110 esse
559 1073 671 1111 censeo.
705 1057 777 1113 Nam
786 1067 829 1122 ut,
848 1059 875 1110 si
908 1115 910 1124 s

74 1127 137 1196 quais
154 1128 243 1180 bonae
265 1125 432 1178 valetudinis
452 1125 598 1178 commoda
621 1133 756 1193 exponat,
778 1120 873 1193 'euque

74 1195 191 1248 dicendo
202 1191 353 1259 amplificet
363 1199 445 1258 atque
456 1199 621 1258 exaggeret,
642 1202 671 1243 ct
681 1193 715 1242 ad
727 1207 787 1254 eam
799 1193 875 1246 omni

74 1260 166 1314 studio
191 1259 408 1312 conservandam
431 1255 558 1308 homines
583 1255 758 1321 cohortetur,
782 1257 894 1328 neque*

29 1325 31 1330 ’
73 1340 166 1382 tarrren
180 1329 339 1387 admoneat,
351 1339 405 1390 quo
416 1323 619 1391 genererictus
630 1324 785 1391 quibusque
795 1341 873 1376 exer-

73 1394 253 1448 citationibus
268 1405 302 1441 ea
316 1391 434 1442 maxime
449 1391 604 1458 comparari
623 1407 656 1442 ac
676 1391 814 1442 contineri
827 1392 874 1443 de·

71 1465 152 1522 beat,
174 1475 230 1510 non
240 1457 319 1509 valde
331 1456 408 1508 utilis
418 1457 507 1508 videri
516 1459 606 1526 possit
615 1458 693 1509 illius
709 1457 814 1510 oratio:
833 1458 875 1511 ita

72 1542 170 1600 parum
187 1524 314 1592 prodest,
333 1529 381 1574 aut
397 1523 513 1577 laudere
534 1539 581 1578 eas
600 1533 688 1588 artes,
708 1539 776 1592 quas
797 1531 873 1578 certe

67 1609 156 1648 ‘nemo
172 1606 259 1660 usque
273 1605 307 1642 eo
323 1591 473 1660 perfrictae
488 1592 588 1644 frontis
599 1598 655 1654 est,
674 1599 706 1646 ut
715 1593 873 1658 vituperare

71 1662 188 1723 audeat,
209 1664 257 1710 aut
267 1657 302 1708 ad
312 1668 360 1710 eas
371 1656 512 1711 cohortari
525 1675 589 1720 eos,
609 1674 679 1727 quos
692 1659 803 1711 illarum
816 1665 878 1716 stu·⁴

72 1731 128 1783 diis
137 1727 254 1780 deditos
268 1740 331 1777 esse
345 1731 468 1788 constat,
486 1727 540 1778 nisi
558 1725 699 1779 indicetur
716 1727 809 1780 etiarm
818 1729 878 1794 via,

72 1810 129 1866 qua
142 1795 203 1862 quis
217 1793 251 1844 ad
264 1792 328 1845 illas
346 1791 479 1845 facillime
499 1807 532 1844 ac
551 1794 708 1845 certissime
727 1794 874 1862 peruenire

71 1877 158 1931 posse
168 1861 303 1913 videatur.
337 1859 399 1928 Ego
410 1861 508 1928 igitur,
519 1860 629 1929 quando
639 1859 707 1913 mihi
720 1868 787 1924 ate,
801 1861 873 1912 Lau-

72 1929 147 1982 renti
155 1926 332 1990 Blanchette,
345 1929 389 1979 vir
399 1927 567 1991 clarissime,
581 1943 680 1978 munus
694 1926 748 1978 hoc
761 1929 874 1996 imposi·
911 1935 913 1946 ’

73 2003 132 2048 tum
144 2003 194 2057 est,
205 2005 261 2048 aon
271 1995 392 2047 laudabo
403 1995 525 2048 litteras:
534 1996 606 2046 satis
617 2009 665 2046 eas
675 1992 801 2048 homines
813 2011 874 2048 eru·

72 2062 218 2125 ditissimi,
236 2063 364 2130 collegae
374 2063 441 2126 mei,
462 2061 632 2130 exhocipso
647 2061 712 2113 loco
728 2061 874 2132 hisproxi·¹

71 2130 126 2182 mis
139 2129 220 2180 annis
235 2135 332 2182 ornate
349 2131 518 2198 copioseque
528 2129 691 2193 laudarunt,
708 2145 744 2182 ne
758 2131 874 2184 multum

17 2245 18 2250 ,
71 2197 161 2260 turm)
180 2196 290 2263 quidem
309 2198 443 2263 temporis
460 2211 561 2264 ponam
578 2197 607 2248 in
628 2195 671 2248 bia
690 2197 874 2250 nobilissimis

17 2273 19 2306 l
71 2262 300 2317 adolescentibus
319 2264 354 2314 ad
373 2277 422 2315 eas
444 2263 639 2318 cohortandis:
662 2269 691 2316 et
709 2265 765 2332 ipsi
777 2279 830 2332 per
842 2278 874 2315 se

45 2354 47 2361 ¹
71 2331 143 2382 satis
154 2345 201 2384 eas
214 2338 319 2393 amant,
332 2345 423 2398 neque
435 2332 562 2383 oratione
576 2345 638 2383 mea
650 2331 749 2384 melius
762 2332 873 2384 incitari

25 2418 28 2424 ¹
68 2405 203 2465 possunt,
224 2413 305 2465 quam
315 2399 342 2450 si
351 2406 393 2460 te,
412 2397 590 2460 Blanchette,
611 2393 784 2462 intueantur,
799 2399 872 2450 dete

71 2465 210 2532 cogitent,
222 2465 251 2516 in
260 2471 289 2516 te
300 2465 397 2517 oculos
406 2466 583 2532 animumque
595 2466 729 2534 deligant,
743 2467 788 2519 cui
797 2465 873 2516 litte·

67 2547 165 2584 rarum
174 2533 304 2584 tractatio
315 2531 430 2584 senilem
437 2531 465 2582 in
472 2532 528 2584 isto
537 2535 637 2584 aetatis
646 2533 715 2584 llore
723 2547 779 2584 non
787 2532 872 2582 modo

67 2601 239 2669 gravitatem
253 2614 286 2650 ac
300 2598 487 2667 prudentiam,
507 2600 558 2650 sed
578 2600 742 2668 dignitatem
761 2611 872 2665 quoque
940 2621 942 2634 ι

116 2697 140 2754 ·)
154 2699 213 2745 Tam
222 2703 307 2746 tenere
315 2700 439 2756 repetitura
448 2712 479 2744 ex
487 2711 542 2758 voss
551 2699 706 2808 prusrlsrleznti.

631 2786 641 2808 ι
