2140 3010
185 115 236 170 reo
432 77 663 172 rnrarrrro
682 115 749 172 vrr.

185 221 268 271 trium
283 229 415 286 generum
427 233 490 270 eum
502 221 610 272 versarl
622 219 717 272 diceri
733 233 822 288 neque
840 221 914 274 enim
925 227 985 275 tum

185 285 323 346 laudabit,
344 299 433 354 neque
444 287 623 354 vituperabit,
637 301 726 354 neque
736 284 878 350 suadebit,
896 304 985 358 neque

185 351 374 414 dissuadebit,
393 367 483 422 neque
499 353 654 417 accusabit,
672 368 763 421 neque
775 353 917 406 defendet.
952 358 987 409 nt

185 433 220 471 ne
235 420 346 490 longine
363 419 491 538 exempla
509 427 679 486 repetamus:
698 422 822 486 (tempus
840 427 884 492 eat
902 422 985 487 euim,

185 492 224 550 ut,
235 485 279 539 lria
289 487 409 551 omissis,
421 503 436 538 a
456 501 500 538 ea
509 490 659 551 veniamur,
668 489 738 555 quale
748 487 876 539 instituto
886 496 984 541 uortm

185 551 362 606 adiunctiora
375 557 450 617 aunt)
463 553 516 606 hae
526 555 556 605 in
566 554 712 607 Catilinam
721 555 864 608 orationes
873 560 985 621 praeter

206 629 369 685 attremant,
380 636 449 691 quae
459 637 525 674 saue
537 621 719 674 deliberativa
729 621 849 683 dicatur,
863 623 915 673 rub
926 621 983 674 uul-

185 637 243 740 fund
256 703 292 740 ex
304 689 362 740 illu
378 689 466 740 tribus
483 689 632 756 generibus
648 688 755 741 includi
772 695 886 756 queunt.
920 687 983 740 Non

113 784 116 792 ·
186 755 236 807 sub
251 755 395 808 iudiciale=
417 769 506 821 neque
522 757 594 808 euim
605 754 740 808 habentur
749 757 778 806 in
787 754 908 818 iudicio;
926 767 983 807 nou

186 823 237 874 sub
248 822 504 876 demonstrativum:
523 837 584 876 nam
594 825 623 875 in
633 822 851 875 demonstrativo
862 821 924 873 cola
936 837 983 874 au·

188 889 323 941 clientium
343 889 470 956 voluptas
485 891 629 957 quaeritur
643 896 786 958 totumque
804 889 874 940 illud
893 903 984 956 genus

185 955 220 1006 ad
240 969 367 1022 pompam
387 963 417 1007 et
434 955 470 1007 ad
488 958 705 1010 ostentationem
718 966 906 1024 comparatum
926 971 983 1008 non

185 1022 236 1073 rub
247 1022 469 1075 deliberativumr
486 1024 618 1092 inpriore
631 1025 712 1088 enim,
728 1031 758 1076 ut
769 1023 895 1086 vidimus,
906 1022 985 1074 nulla

184 1087 350 1140 deliberatio
367 1097 419 1144 eet.
454 1091 529 1153 Quin
542 1091 571 1141 id
584 1096 690 1144 mutum
705 1092 806 1159 agebat
818 1090 932 1151 cicero,
952 1097 985 1142 ut

185 1155 275 1207 exiret
286 1157 417 1222 Catilina,
440 1173 494 1225 quo
508 1159 568 1226 ipse
582 1165 679 1224 postea
688 1173 750 1210 cum
764 1163 863 1210 senatu
877 1155 983 1208 delibe-

183 1235 246 1274 rare
261 1222 295 1274 de
309 1226 452 1294 republica
464 1231 572 1292 posset,
594 1239 683 1292 neque
697 1226 771 1278 enim
784 1229 931 1294 praesente
947 1238 983 1275 eo

184 1290 341 1344 deliberare
352 1300 400 1344 aut
409 1293 559 1344 decernere
574 1292 643 1344 utile
660 1292 763 1348 fuisset
803 1292 864 1343 Hac
879 1297 983 1353 autem,
1050 1319 1057 1332 ι

183 1374 265 1425 quarn
283 1375 356 1411 nunc
374 1360 513 1425 explicare
529 1359 720 1426 aggredimur,
746 1363 869 1427 itemque
888 1357 984 1420 tertia,

185 1425 254 1478 nihil
267 1425 342 1477 aliud
357 1427 427 1493 agit,
450 1439 532 1493 quam
549 1431 581 1476 ut
593 1434 716 1494 exponat
729 1428 834 1494 populo
847 1423 894 1487 ea,
911 1439 984 1492 quae

183 1499 265 1612 ficeta
275 1500 347 1555 eunt,
355 1507 470 1560 eumque
479 1492 624 1564 confirmet
631 1507 664 1546 ac
673 1495 745 1548 bene
755 1507 868 1560 sperare
877 1491 983 1544 iubeat.

210 1573 225 1612 e
241 1575 405 1627 quaeramur
420 1561 518 1627 igitur,
532 1557 585 1611 bae
600 1562 743 1614 orationes
754 1577 809 1629 quo
822 1561 851 1611 in
865 1573 984 1610 caussae

183 1641 286 1694 genere
302 1627 371 1690 rint,
386 1627 473 1679 autin
486 1641 541 1746 Ὶιιο
557 1634 643 1692 rtatu3
662 1629 713 1682 sed
725 1619 983 1694 latai-alinquamus

182 1695 230 1757 iia,
249 1695 295 1760 qui
311 1707 345 1745 eo
359 1708 491 1762 progress
513 1702 577 1746 aunt
592 1697 741 1760 stultitiae,
760 1703 793 1749 ut
808 1695 890 1762 editis
902 1691 984 1764 libris

182 1777 239 1814 non
256 1766 361 1812 tantum
376 1762 405 1812 in
419 1763 546 1830 epistolis
562 1763 719 1827 Ciceronis,
737 1777 833 1814 rerum
850 1762 935 1813 etiam
953 1759 984 1812 in

183 1827 339 1881 comoediis
352 1829 480 1883 Terentii
498 1837 529 1882 et
545 1845 632 1898 genua
651 1845 767 1884 cananae
781 1837 811 1882 ct
823 1835 925 1880 etatum
939 1841 984 1886 re·

183 1895 302 1963 quirent.
338 1894 417 1950 Nunc
428 1899 590 1952 Ciceronem
599 1900 688 1966 iprum
699 1897 885 1960 audiamur.*)

225 1993 245 2050 ¹)
258 1993 294 2040 Cf.
306 1993 358 2040 Vol.
368 1995 402 2042 11.
412 1997 601 2042 orut.X11.exlr.
611 2001 635 2042 et
644 2010 700 2054 quae
705 1995 830 2040 Thonatlo
840 1998 932 2044 auctore
944 1982 986 2044 nor

171 2117 173 2124 Α
183 2052 279 2099 nvlnm
289 2053 313 2100 iu
322 2055 445 2110 prooemio.
