2150 3012
303 205 308 210 -
349 187 499 259 psnrro
526 189 641 248 xviri.
849 195 896 248 roa

100 291 151 343 cile
165 297 251 359 atque,
264 291 393 358 expedite
409 290 498 358 legat,
518 293 573 342 iam
587 293 706 359 septimo
719 295 815 362 primis
831 295 898 359 illis,

98 360 271 424 maximeque
283 357 531 410 Grammaticorum
540 360 684 426 utriusque
695 362 807 428 linguae
821 377 898 429 prae,

99 426 186 492 ceptis
196 425 344 488 imbuatur,
358 425 470 475 nomina
481 431 509 475 et
517 427 602 478 rerba
613 425 727 478 flectere
738 443 770 479 ac
779 432 897 494 variare,

99 498 127 542 et
139 493 212 542 inter
225 507 254 542 se
269 493 329 543 sine
344 492 413 542 vitio
430 491 599 559 coniungere
611 509 643 544 ac
654 495 785 562 copulare
797 495 895 547 diseat.
924 544 944 560 ,

97 557 170 608 Huic
185 559 232 608 uni
245 559 287 609 rei
300 573 400 610 annum
411 559 556 626 septimum
566 559 651 610 tribui
661 561 751 610 velim.
789 561 895 614 Octavo

97 625 212 690 incipiat
230 625 284 676 iam
305 625 538 692 aliquid-audire,
558 626 664 692 aliquid
682 627 791 694 legere,
811 629 904 696 idque„

98 691 247 754 eiusmodi,
270 697 341 742 utet
355 692 389 743 ad
403 689 564 744 formandos
579 707 671 746 mores
685 710 741 745 non
750 693 820 746 nihil
832 711 896 754 con-

96 757 168 810 ferat
182 758 211 809 e't
223 758 395 824 voluptatem
418 759 511 824 potius
532 757 644 822 afferat,
687 775 749 812 uam
768 777 895 830 magnum

95 825 179 876 ullam
193 825 277 876 animi
291 825 498 876 contentionem
512 829 644 893 requirat.
668 776 711 878 (bn
724 827 778 878 hoc
792 843 895 896 genere

96 891 167 956 apud
181 892 305 943 Graecos
321 891 461 943 excellunt
474 893 576 960 Aesopi
588 891 700 945 fabulae
721 901 750 946 et
762 893 893 963 Phocyli·
920 895 924 901 '

97 958 287 1022 dis,car·nrina;
309 957 403 1010 Latini
417 959 513 1010 talium
529 961 696 1028 scriptorum
710 962 806 1030 inopia
818 963 894 1014 iabo-

40 1077 44 1082 ,
95 1030 166 1087 rant,
177 1027 231 1077 nisi
243 1027 304 1092 quis
317 1027 427 1078 easdem
439 1025 503 1078 illas
513 1025 622 1078 fabulas
633 1027 667 1078 ab
679 1030 784 1094 optimo
797 1035 825 1080 et
834 1045 895 1082 crue
992 1033 995 1036 ’

96 1089 232 1144 ditissimo
241 1095 311 1157 viro,
322 1093 452 1145 Gabriele
460 1093 578 1156 Faerno,
587 1093 696 1146 Latinis
704 1095 830 1148 versibus
840 1097 895 1148 ele-

96 1161 255 1226 gantissime
267 1175 424 1227 expressas,
439 1159 483 1210 illi
496 1160 583 1210 aetati
598 1161 792 1226 proponendas
807 1169 895 1230 putet,
928 1195 937 1205 ·

96 1231 125 1280 et
138 1227 307 1288 addendum,
329 1227 353 1277 si
367 1225 441 1292 quod
455 1226 584 1292 exiguum
598 1229 697 1290 poema
710 1229 785 1294 puris
802 1229 894 1281 verbis

93 1293 166 1344 ritae
189 1298 340 1360 praecepta
365 1291 510 1344 continens
535 1293 700 1357 reperiatur.
734 1293 896 1348 Biennium

93 1373 281 1426 consequens,
301 1359 386 1408 idest
400 1371 502 1408 nonum
522 1371 554 1409 ac
569 1358 704 1408 deciorum
720 1373 832 1422 annum,
854 1363 896 1414 ito

91 1425 276 1476 libentissime
288 1423 438 1490 posuerim,
452 1431 484 1474 ut
493 1439 562 1492 puer
571 1426 713 1492 matutinis
726 1427 836 1492 quidem
846 1427 896 1480 ho-

91 1493 132 1544 ris
147 1491 234 1542 libros
248 1489 443 1556 Xenophontis
458 1491 491 1543 de
502 1491 678 1543 institutione
694 1493 774 1560 Cyri,
796 1494 895 1561 quibus
959 1531 964 1535 -

90 1555 167 1611 nihii
178 1559 273 1624 purius
291 1563 339 1609 arit
354 1553 466 1608 sbavius
481 1559 597 1624 reperiri
608 1564 714 1624 potest,
729 1561 896 1628 pomeridia-

90 1626 137 1679 nis
153 1631 245 1676 autem
256 1625 383 1676 Caesaris
395 1626 569 1691 potissimum
586 1627 798 1678 commentarios
809 1629 895 1696 legat,

111 1693 141 1746 ui
163 1689 232 1744 mihi
258 1707 385 1744 unusex
405 1692 532 1744 omnibus
550 1691 659 1744 Latinis
679 1693 714 1744 ad
736 1693 811 1745 illum
831 1697 894 1748 niti-

113 1759 235 1812 'ssimam
250 1759 330 1836 Xeno
351 1758 444 1810 hortis
459 1759 665 1826 simplicitatem
678 1762 805 1826 proxime
817 1763 893 1823 vide·
919 1768 921 1773 '
957 1779 959 1782 ·
975 1763 981 1778 ⁸

88 1833 138 1883 tur
155 1828 299 1880 accedere.
364 1826 504 1878 odecimus
523 1841 609 1878 annus
629 1828 782 1880 comoediis
803 1829 893 1895 detur,

64 1891 66 1895 ’
88 1896 132 1946 ita
141 1899 246 1957 tamen,
260 1897 291 1945 ut
301 1908 336 1946 ex
347 1894 481 1946 Terentio
492 1893 648 1960 Plautoque
663 1901 691 1945 et
703 1895 790 1948 multo
804 1898 893 1966 magis

89 1975 127 2013 ex
137 1960 334 2028 Aristophane,
348 1959 480 2028 quidquid
491 1959 635 2027 inquinare
647 1963 770 2030 pueriles
786 1965 892 2016 animos

86 2033 197 2094 potest,
213 2035 261 2080 aut
273 2034 416 2080 resecetur
430 2033 478 2079 aut
493 2029 643 2080 omittatur.
681 2029 763 2090 Quod
773 2031 846 2083 idem
856 2033 891 2084 de
964 2036 966 2044 ’

88 2096 173 2146 omni·
181 2096 347 2161 scriptorum
360 2109 463 2162 genere
480 2095 567 2146 semel
586 2110 603 2145 a
620 2097 792 2156 medictum
803 2101 861 2150 acci
882 2117 892 2150 r
918 2139 927 2152 ,

12 2221 13 2228 ¹
86 2161 165 2218 volo.
203 2161 377 2212 Duodecimo
393 2161 552 2224 Theocriti,
569 2161 691 2226 Moschi,
706 2163 804 2216 Bionis
817 2116 891 2232 loph-

85 2228 128 2278 lia
139 2242 200 2278 cum
209 2227 323 2345 Virffilii
332 2229 488 2292 Bucolicis,
506 2229 648 2286 Hesiodus
660 2233 720 2282 cum
732 2231 890 2298 Georgicis,

12 2333 13 2338 κ
87 2309 153 2346 cum
172 2296 259 2346 Aeaei
280 2309 294 2346 e
313 2300 460 2362 utrumque
479 2295 597 2348 Homeri
617 2300 723 2364 poe'rna⁵
735 2300 890 2364 copuletur.

83 2359 186 2426 Neque
196 2360 248 2432 hos
257 2361 346 2414 libros
356 2367 432 2414 totos
443 2375 460 2413 a
471 2362 696 2430 praeceptoribus
708 2367 810 2432 exponi
820 2365 890 2415 arbi-

82 2429 271 2482 trordcbere.
308 2429 375 2480 Cum
391 2435 499 2481 tontum
518 2431 652 2498 cuiusque
672 2444 688 2481 a
707 2437 904 2498 praeceptore.

83 2495 222 2559 audierit,
236 2501 268 2548 ut
276 2495 336 2549 sine
348 2496 469 2560 cortice,
489 2497 663 2566 quodetiam,
682 2499 778 2564 nare*)
789 2498 888 2566 possit,

130 2595 153 2650 ⁸)
164 2595 245 2639 Horat.
256 2592 328 2640 Sem.
338 2593 358 2640 Ι,
367 2598 388 2640 4.
399 2597 439 2638 119
448 2607 482 2650 sq.

416 2649 482 2694 simul
492 2653 517 2693 ut
529 2651 643 2695 duraverit
653 2655 723 2696 aetas.

114 2715 117 2720 ·
147 2751 149 2754 ,
198 2703 301 2751 hiemis·
311 2707 452 2768 Quaeque
463 2711 525 2752 tuum
531 2737 538 2760 ,
553 2707 618 2754 uobis
628 2707 676 2753 rius
685 2705 775 2753 cortice.
