2120 3018
385 167 540 222 ORATIO
558 167 585 222 V
851 171 884 224 15

75 287 213 338 manuum
226 269 335 334 levibus
346 283 378 320 ao
390 269 488 336 politis
501 269 616 322 calculis
629 267 683 322 huc
696 269 886 332 illuumor‘cn-

76 336 119 390 dis
132 337 323 406 spectantium
335 337 432 388 oculos
443 337 567 399 eludunt,
578 351 647 403 quos
659 335 760 390 Graeci
769 337 886 404 psepho·

75 407 197 472 paeetas
218 409 327 465 vocant,
346 405 387 454 ita
401 405 459 468 ipsi
470 418 580 471 quoque
598 404 700 454 talibus
716 406 886 470 argumentis

73 473 153 522 inter·
184 484 288 536 pueros
322 469 431 534 ludant;
463 471 629 536 praesertim
652 485 713 520 oum
731 470 885 540 perieulum
914 519 915 522 ,

73 553 133 588 non
155 538 209 599 sit,
229 551 264 586 ne
281 536 357 602 quis,
371 535 451 602 -quod
463 551 616 588 muscamxa
627 537 761 602 magistro
777 535 887 587 laudari

74 605 218 665 audierit,
237 603 267 653 in
280 602 424 670 captandis
441 609 541 668 postea
555 617 587 654 ac
602 603 769 670 colligendis
782 604 885 666 muscis

73 670 163 720 nimis
174 684 306 736 magnum
316 669 438 720 studium
447 676 546 734 ponat,
557 675 604 720 aut
614 671 679 736 quia
689 669 776 720 febris
786 671 885 737 pestis·

73 751 109 788 re
130 737 232 788 multis
251 735 380 786 laudibus
401 741 499 786 omata
517 737 567 798 sit,
586 737 655 786 talia
672 736 746 788 bona
758 753 814 790 non
831 737 887 804 ipsi

31 810 33 820 ·
73 804 175 869 potius
187 801 295 854 rhetori
306 801 417 852 evenire
429 805 519 868 optet,
531 817 612 869 quam
623 803 685 857 sihi.
721 803 807 867 Quid,
823 820 885 856 cum

75 885 111 920 ea
121 870 182 920 sibi
193 869 228 920 ad
239 868 386 919 dicendum
399 876 561 936 argumenta
570 877 693 933 sumunt,
702 869 808 937 'quibus
822 871 885 922 sub-

73 943 200 988 ruuntur
209 935 389 986 fundamenta
397 937 537 1000 virtutum,
549 951 627 986 amor
636 934 791 989 honestatis
803 952 885 990 exou-

73 1003 162 1066 titur,
193 1003 278 1053 animi
298 999 439 1054 hominum
468 1001 611 1070 pestiferis
635 1018 668 1054 ao
692 1003 808 1056 nefariis
827 1005 886 1072 opi·

73 1070 225 1190 fll⁰¹¹ibu⁸r
241 1068 413 1134 imbuuntur,
441 1075 570 1122 tamenne
594 1085 644 1124 eos
666 1069 799 1136 ferendos
822 1084 885 1122 esse

95 1151 209 1188 rcemus

112 1203 193 1254 Olim
207 1203 330 1272 quidem,
346 1219 410 1256 cum
422 1202 637 1256 Atheniensibus
655 1201 690 1256 ob
704 1204 826 1272 Oropum
839 1219 885 1255 ra·
981 1263 985 1272 ⁴

76 1275 184 1322 statam
195 1270 335 1339 Sicyonii,
350 1271 398 1339 qui
411 1272 452 1322 eis
466 1271 574 1322 iudices
587 1287 604 1322 a
617 1278 716 1328 serrato
726 1272 783 1322 dati
797 1277 886 1334 erant,

76 1337 214 1390 mulctam
231 1341 445 1405 quingentorum
457 1337 625 1391 talentorum
639 1339 827 1405 irrogassent,
841 1353 885 1388 ea·

78 1417 135 1471 que
150 1406 227 1456 iusto
241 1406 354 1472 gravior
367 1404 521 1466 rideretur,
537 1403 640 1456 misere
649 1404 832 1456 Athenienses
847 1404 885 1456 le·

78 1477 164 1536 gatos
174 1473 205 1522 in
215 1471 286 1522 hano
295 1471 403 1534 urbem,
415 1486 465 1538 per
475 1487 545 1538 quos
559 1478 682 1524 asenatu
693 1477 832 1538 peterent,
845 1470 888 1522 uti

77 1543 129 1588 aut
140 1539 202 1588 eius
212 1552 320 1604 poenae
331 1539 422 1604 gratia
431 1537 485 1588 sihi
495 1539 584 1600 heret,
592 1545 640 1589 aut
650 1545 725 1588 certe
735 1537 839 1654 alipuid
850 1551 887 1590 ex

78 1616 115 1654 ea
129 1605 341 1658 diminueretur.
376 1603 443 1656 Eius
456 1605 608 1672 legationis
619 1605 758 1674 principes
787 1612 887 1676 uerunt

79 1671 242 1724 Carneades
260 1672 456 1733 Academicus,
475 1673 615 1726 Critolaus
632 1670 835 1739 Peripateticus
857 1677 886 1724 et

77 1734 228 1806 Diogenes
249 1738 401 1803 Stoicus’ti.
438 1738 558 1802 Quibus,
586 1739 650 1790 dum
665 1739 751 1792 otiosi
768 1739 796 1790 in
815 1739 884 1791 urbe

78 1807 249 1858 sententiam
259 1811 371 1856 senatus
382 1813 551 1872 exspectant,
561 1805 657 1858 lubido
666 1806 791 1870 incessit,
799 1803 883 1858 Grae·

79 1884 114 1920 co
126 1887 205 1924 more
217 1871 461 1935 resurreetione,
472 1879 503 1926 et
511 1874 636 1939 quotidie
646 1874 674 1924 in
685 1880 768 1925 coetu
779 1887 811 1922 ac
819 1887 883 1924 con·

78 1945 166 1990 ventu
184 1938 325 1994 hominum
345 1941 379 1992 de
399 1939 483 1991 variis
503 1941 713 2006 quaestionibus
732 1941 883 2006 disputare.

78 1999 121 2052 lbi
131 2013 190 2056 tum
201 2006 371 2069 Carneades,
387 2007 434 2074 qui
446 2008 474 2056 ri
489 2012 518 2058 et
532 2007 614 2073 copia
624 2007 735 2058 dicendi
748 2007 882 2061 antistare
904 2003 908 2016 '

80 2070 198 2140 collegis
210 2073 372 2140 putabatur,
389 2073 508 2141 quodam
518 2072 564 2124 die
575 2075 608 2124 de
619 2071 742 2126 iustitiae
753 2072 882 2127 laudibus
913 2073 915 2078 ’

81 2147 178 2190 ornate
189 2155 222 2190 ao
232 2139 388 2190 luculenter
399 2141 503 2191 dixisse
513 2139 686 2206 perhibetur,
698 2157 760 2194 eum
771 2140 882 2208 quidem

81 2199 142 2258 Ser.
177 2205 265 2260 Galba
275 2211 305 2257 et
314 2207 351 2257 M.
360 2207 428 2257 Cato
441 2207 489 2258 ille
500 2209 650 2260 Censorius
660 2209 689 2259 ei
699 2209 880 2276 disputationi

79 2267 257 2324 interessent.
294 2272 349 2324 Sed
361 2273 411 2324 illc
425 2273 500 2324 idem
514 2274 684 2338 Carneades,
701 2289 880 2342 quaecunque

79 2340 137 2388 tum
147 2340 181 2390 de
192 2339 299 2392 iustitia
309 2340 432 2402 dixerat,
446 2355 480 2392 ea
488 2341 624 2408 postridie
635 2344 776 2394 contraria
788 2343 879 2408 dispu-

79 2405 187 2457 tatione
196 2407 391 2472 subvertitti‘),
404 2406 547 2476 multoque
558 2408 638 2476 plura
647 2409 771 2478 collegit,
781 2409 880 2476 quibus

11 2585 19 2596 ,
49 2583 52 2588 ,
115 2535 127 2562 ι
154 2535 202 2579 cre.
211 2537 239 2582 m
249 2544 306 2583 ont.
316 2539 347 2582 11.
357 2543 391 2583 ιι.
401 2539 422 2595 l·
434 2539 581 2585 rasurae.
595 2539 653 2584 xrr.
663 2509 743 2597 sans.
754 2536 804 2592 er.
816 2533 879 2580 neu.
935 2559 938 2565 -

79 2583 110 2633 N·
156 2589 211 2636 Vll.
223 2598 254 2638 lb
265 2595 335 2640 Paua.
344 2596 399 2640 vn.
408 2601 442 2642 ll.
452 2595 515 2640 Plut.
526 2595 583 2640 Cato
593 2599 645 2640 mni.
656 2610 675 2640 c.
686 2599 720 2658 23.

106 2691 137 2747 ¹¹)
151 2691 207 2739 vid.
217 2681 365 2748 Quinctilium
374 2697 460 2748 XII-l.
469 2701 504 2744 8³.
513 2695 611 2802 hy·
618 2700 649 2740 ll.
660 2697 680 2750 ἦ.
689 2701 702 2741 t
711 2713 740 2726 ·-
749 2693 770 2735 ῦ.
779 2694 803 2734 at
813 2703 831 2735 a
843 2691 874 2732 lt
932 2745 935 2750 Δ
