2140 3010
173 159 223 212 rm
285 153 311 178 ³
423 153 654 210 runernrro
671 143 727 210 rv:

173 273 235 310 uum
249 257 403 326 iurisperiti
417 257 481 310 hino
492 251 595 312 ducunt
606 259 697 326 prinei
715 259 745 310 ia
754 257 971 326 disputationum

173 341 292 378 suorum.
327 321 505 378 diuidemus
523 325 626 376 multos
645 274 871 400 adoYescentuios
891 333 971 394 aptos

173 391 208 442 ad
220 393 265 443 ius
277 391 368 442 'uirile
387 390 598 458 perdiscendum
617 391 745 444 iudicari.
779 392 970 460 ltaqueiusti·

171 459 282 520 niauus,
295 465 327 509 ut
341 458 432 521 scitis,
444 457 573 509 inscribit
587 459 779 510 institutiones
790 473 853 518 suas
865 459 970 510 stadios

164 539 220 585 ,sae
231 525 323 592 legunt
333 524 479 578 iuventuti.
495 523 584 574 Multo
592 523 679 591 igitur
686 524 776 592 magis
784 525 880 577 idonei
889 533 970 578 erunt

78 595 81 607 '
172 591 207 642 ad
217 590 288 643 hane
297 589 511 658 philosophiam.
545 588 972 652 Addo,uetatemiiiamnonad

167 655 333 711 ‘discendnm
342 657 440 718 modo,
458 656 508 707 sed
517 656 657 714 interdum
671 656 755 707 etiam
770 656 971 707 adducendum

172 732 263 794 aptam
273 716 398 789 reperiri.
433 721 543 772 Etenim
554 719 673 773 Nervam
684 721 771 786 tilium
780 721 913 774 traditum
928 729 972 774 est

172 799 220 842 aut
237 805 370 842 annorum
389 789 576 854 septendecim
594 794 714 839 autnon
732 790 818 840 multo
837 789 971 840 maiorem

172 858 206 909 de
216 860 279 908 iure
287 856 397 922 publice
411 855 626 919 responsitasse.
663 854 815 906 Praeterea
826 855 850 906 si
862 855 971 906 adoles·

172 931 267 976 centes
279 921 418 972 interdum
431 922 488 986 apti
504 928 568 972 sunt
580 921 670 972 adres
680 921 813 974 maximas
824 921 972 989 gerendus,
1031 947 1033 952 ·

171 989 362 1054 multomagis
379 988 436 1054 opti
451 993 531 1038 erunt
546 983 818 1056 adhaecpraec‘epta
829 988 970 1041 diseenda.

171 1055 242 1107 Esse
252 1060 353 1118 autem,
370 1056 535 1106 documento
547 1053 686 1106 fueritvel
696 1054 726 1106 Ρ.
739 1055 833 1122 Scipio
843 1055 971 1106 Aemilia·

172 1139 233 1185 nus,
247 1123 295 1187 qui
304 1135 376 1172 anno
386 1122 487 1172 aetatis
496 1122 631 1190 vigesimo
643 1128 742 1189 quarto
753 1122 850 1174 consul
860 1129 971 1174 oreatus

173 1187 207 1240 'ea
224 1189 325 1256 gessit,
345 1203 416 1256 quae
435 1203 469 1241 ne
484 1187 569 1240 hodie
586 1189 696 1256 quidem
710 1190 770 1241 sine
787 1190 972 1241 admiratione
1022 1245 1026 1249 ,

94 1307 100 1317 ,
171 1257 266 1324 legere
279 1271 434 1322 possumus.
469 1254 615 1306 Postremo
627 1269 688 1307 enm
699 1254 838 1309 insectata
848 1254 984 1322 philone·
1060 1309 1061 1318 ,

171 1321 237 1390 phia
251 1323 391 1376 referatur
403 1323 600 1383 adactionem,
618 1318 727 1390 quand'o
741 1321 972 1390 ngenthominea,
1058 1337 1061 1350 ·

171 1391 237 1453 nisi,
252 1390 318 1458 quid
328 1390 464 1458 egendum
474 1391 523 1451 sit,
540 1390 569 1439 in
578 1390 722 1454 iuventute
732 1389 897 1443 didioerinti

206 1457 261 1511 Sed
271 1457 481 1526 intelligendum
491 1455 605 1519 est,duo
615 1471 678 1508 esse
688 1469 792 1526 genem
801 1457 971 1510 auditorum:
981 1479 993 1504 κ

171 1541 255 1576 unum
265 1539 369 1587 eorum,
383 1524 430 1590 qui
440 1529 557 1590 possunt
566 1525 651 1574 etiam
663 1524 788 1576 iudicare
799 1526 833 1576 de
843 1525 888 1587 iis,
899 1537 973 1592 quae
1000 1551 1001 1554 ¹

172 1590 974 1709 andiunt,ulterumeorum,quiiudicarequidemnongos-
1059 1641 1060 1650 ,

171 1663 248 1721 sunt,
268 1659 397 1710 sedsatis
412 1662 469 1718 est,
489 1659 514 1708 ri
528 1656 720 1710 assensiantur
733 1665 762 1710 et
776 1673 842 1711 vera
857 1673 904 1710 ere
924 1665 974 1710 ant

171 1739 234 1776 esse
245 1739 288 1789 ea,
303 1738 373 1792 quas
384 1725 531 1786 docentur,
548 1725 638 1792 magis
652 1740 685 1778 ao
694 1726 783 1794 magis
792 1728 822 1778 id
837 1725 973 1793 quotidie,
1058 1751 1059 1784 ,

171 1805 232 1843 cum
243 1793 277 1844 ad
287 1806 333 1842 res
344 1789 480 1858 gerendas
491 1793 671 1854 secesserint,
687 1793 836 1862 cognituri.
871 1792 902 1843 ln
913 1791 972 1843 illis
1058 1787 1059 1822 i

170 1865 320 1926 praesepta
329 1855 399 1908 haee
410 1857 577 1910 evidentium
588 1859 725 1927 quandam
736 1859 873 1912 afficiunt:
887 1861 916 1908 in
927 1856 973 1910 his
1058 1871 1059 1914 3

170 1939 264 1976 verum
278 1924 437 1988 opinionem
452 1930 481 1975 at
497 1929 697 1978 assensionem.
731 1925 793 1976 Non
807 1925 975 1992 igitur'sim·
1058 1949 1059 1964 ,

55 2020 62 2046 .
170 1992 282 2059 pliciter
292 1997 377 2056 negat
385 1991 768 2054 Aristoteles5ndotesnentss
778 1992 898 2041 idoneos
907 2005 975 2044 erae

171 2057 314 2108 auditores
324 2054 405 2107 huius
414 2055 624 2125 philosophiae,
639 2056 801 2108 sedtantdm
811 2061 908 2121 negat,
921 2071 975 2110 eoa
1052 2063 1058 2116 ζ

170 2123 247 2174 tales
253 2121 395 2173 auditores
407 2135 482 2183 esse,
497 2129 528 2172 ut
538 2137 583 2184 sa,
597 2136 668 2190 quae
679 2121 724 2172 hic
734 2120 892 2184 truduntur,
909 2137 981 2189 per.

170 2189 246 2241 fecta
263 2189 408 2254 percipere
428 2192 457 2240 et
476 2188 511 2239 de
524 2189 583 2240 illis
597 2188 721 2240 iudicare
736 2188 852 2255 possint.
889 2188 975 2252 Quod

171 2262 263 2306 autem
279 2251 371 2317 addit,
390 2255 515 2307 sossius
530 2253 622 2306 fructu
637 2254 795 2319 audituros,
817 2269 878 2307 eum
888 2258 976 2310 animi

92 2359 102 2376 ,
170 2321 395 2390 perturbationes
405 2327 564 2389 sequantur,
575 2322 604 2374 id
613 2322 752 2390 quomodo
764 2324 854 2390 accipi
862 2323 974 2388 debeat,
1056 2319 1057 2326 '

172 2389 296 2441 ostendit
311 2382 389 2455 ipse,
408 2391 455 2456 qui
469 2389 553 2458 pauiu
573 2405 656 2458 supro
674 2391 829 2454 admonuit,
849 2405 884 2443 ea
902 2405 975 2458 quaa

172 2456 297 2510 dicturus
307 2464 397 2520 esset,
416 2471 472 2509 non
488 2471 545 2509 sem
566 2472 708 2526 omneque
722 2459 751 2511 in
766 2458 894 2511 omuibus
907 2471 976 2510 vera

172 2538 245 2590 esse,
256 2524 304 2578 sed
316 2520 348 2586 ὡς
359 2521 532 2580 initiandi.
577 2541 609 2580 os
620 2531 712 2580 antem
723 2527 842 2582 fatemur
851 2525 975 2597 quidem,
1055 2565 1056 2576 ,

171 2589 442 2663 piarumque'verum
458 2607 534 2660 esse,
556 2596 846 2666 quodnit'ssoratius,
868 2595 975 2646 iuvem

172 2675 262 2716 emm
281 2677 335 2718 erre
354 2664 392 2720 od
407 2663 488 2732 vitia,
521 2665 698 2723 monitoribus
716 2679 838 2736 esperare
868 2661 973 2716 multos

1049 2967 1054 2989 i
