2120 3018
175 187 209 244 46
476 188 627 240 ORATIO
645 187 680 241 V.

176 291 288 362 planum
299 288 419 356 laceret,
428 289 563 341 iustitiam
573 303 676 340 meram
686 301 749 340 esse
760 288 919 354 stultitiam,
932 306 986 360 op-

195 359 298 426 idoque
309 359 438 425 antiquos
449 371 481 407 ac
492 357 632 424 simplices
644 369 706 408 esse
716 357 795 419 illos,
809 358 870 424 qui,
886 358 911 409 si
923 373 985 410 mo·

176 377 213 479 ho
234 426 344 492 impune
357 425 454 475 iniusti
474 437 537 474 esse
548 427 679 490 possent,
700 421 860 474 alaoienda
879 425 986 478 iniuria

177 499 292 562 propter
298 493 408 542 inanem
416 490 551 557 quandam
563 491 685 550 umbram
696 495 726 541 et
735 491 894 608 opinionem
902 493 984 543 i'usti-

177 563 236 612 tiae
250 564 446 624 temperarent.
483 557 576 609 Sensit
590 564 716 620 senatus,
734 573 751 608 a
783 571 844 608 eam
857 559 982 624 discipli-

178 641 241 679 nam
257 625 341 676 nimio
356 625 418 690 plus
434 623 554 675 docilem
572 637 635 675 esse
652 623 868 686 multitudinem,
889 639 982 692 neque

177 693 249 745 tanti
259 705 321 742 esse
332 693 427 742 audire
438 691 568 743 doctores
579 691 704 741 Graecos
715 691 869 757 composite
881 706 913 742 ac
923 707 981 744 mo·

178 759 272 810 dulate
281 758 366 808 verbu
375 757 532 818 fundentes,
543 763 574 809 ut
583 757 885 824 proptereaferendum
895 765 981 822 esset,

179 824 318 942 corrumpi
329 826 428 875 civium
435 825 548 891 ingenia
555 829 584 875 ct
591 824 624 875 ad
631 824 836 892 improbitatem
845 839 878 874 oc
885 826 982 904 nequi-

178 893 247 944 tiem
260 907 277 942 a
306 891 340 942 de
351 898 379 942 et
392 906 409 941 a
419 891 521 942 virtute
531 891 647 944 traduci.
683 891 879 943 Conticescere
893 893 983 958 igitur·

180 973 230 1012 eos
244 958 328 1009 iussit
346 965 375 1010 et
388 973 468 1025 quam
488 957 604 1024 primurn
622 959 732 1010 remisit
743 959 772 1010 in
795 958 983 1022 Graecianr*),

179 1040 214 1077 ne
224 1025 342 1092 populus
352 1025 413 1086 ille,
427 1025 504 1075 cuius
514 1028 640 1090 potentia
650 1032 679 1076 et
688 1025 840 1076 auctoritas
852 1024 924 1090 apud
936 1039 983 1075 err-

178 1099 255 1144 teras
266 1097 365 1159 gentes
378 1106 434 1142 non
447 1093 532 1143 armis
545 1095 647 1161 magis,
663 1109 744 1160 quam
758 1093 888 1158 opinione
902 1091 982 1142 iusti·

178 1160 236 1211 tiae
247 1165 384 1222 creverat,
395 1159 466 1210 bene
477 1159 587 1210 dicendi
598 1161 690 1212 studio
702 1165 798 1227 captus
807 1158 878 1210 bene
889 1159 982 1208 viven-

180 1227 209 1278 di
219 1225 340 1278 studium
350 1225 493 1278 obiiceret.
528 1227 563 1278 ht
572 1229 667 1280 silure
676 1226 711 1277 ob
723 1240 783 1277 eam
793 1239 852 1276 rem
862 1225 981 1284 Carneu-

181 1293 231 1346 des
251 1295 424 1360 vituperatus
449 1299 506 1359 est,
531 1295 671 1363 quomodo
699 1292 865 1344 defendetur
885 1290 983 1342 l’lato‘l

179 1359 250 1414 Nam
271 1374 341 1428 quae
363 1367 421 1412 tum
443 1377 494 1430 pro
513 1362 665 1426 'iustitiam
689 1361 822 1412 adversus
847 1359 983 1410 iustitiam

168 1429 339 1484 ¹Carneades
349 1427 429 1491 dixit,
441 1443 537 1480 eorum
548 1429 654 1480 semina
662 1427 749 1484 multo
761 1432 823 1477 ante
835 1427 900 1476 etin
913 1425 982 1489 Gor-

180 1497 227 1564 gia
240 1497 306 1547 etin
322 1495 416 1562 primis
428 1496 535 1548 duobus
547 1496 580 1548 de
591 1496 736 1564 republica
749 1493 828 1554 libris
839 1491 983 1542 al'latone

180 1577 278 1630 sparsa
292 1568 378 1613 erant.
412 1563 580 1615 Meministis
585 1579 690 1632 ,Kquam
702 1562 790 1612 multa
804 1559 885 1610 huius
899 1571 983 1624 gene·

180 1631 219 1681 ris
231 1631 260 1680 in
274 1629 418 1696 superiore
433 1631 504 1683 libro
515 1628 741 1699 Thrasymachus
752 1627 866 1688 dixerit,
882 1625 983 1692 quibus

180 1697 267 1748 multo
284 1697 363 1762 plura
378 1698 521 1766 multoque
540 1699 575 1750 ad
588 1694 808 1766 persuadendum
825 1691 984 1744 efficaciora

180 1763 208 1814 iu
220 1776 267 1826 eo,
283 1778 364 1830 quern
373 1781 446 1816 nunc
459 1766 597 1832 explicare
608 1766 635 1814 in
673 1761 790 1821 edimur,
808 1775 825 1810 a
837 1760 982 1810 Glaucone

181 1835 210 1883 et
219 1829 253 1880 ab
262 1831 408 1883 Adimanto
423 1832 584 1885 all'eruntur.
645 1843 690 1878 um
704 1827 790 1894 igitur
804 1832 832 1877 et
846 1827 927 1876 Plato
942 1825 982 1874 vi-

111 1904 115 1914 '
180 1897 362 1964 tuperandus,
377 1899 424 1966 qui
438 1897 594 1950 mandanda
603 1895 654 1944 illa
666 1899 695 1945 et
708 1893 898 1961 consignanda
908 1891 982 1942 litte·

180 1964 220 2015 ris
230 1963 353 2029 duxerit,
366 1972 394 2016 et
404 1966 476 2016 male
489 1965 599 2022 Cicero,
611 1962 657 2028 qui
667 1967 712 2012 tot
721 1961 798 2011 annis
809 1966 874 2026 post
885 1955 982 2008 eadem

180 2030 208 2081 in
218 2045 284 2083 suos
296 2033 329 2084 de
343 2030 486 2098 republica
494 2031 582 2080 libros
591 2027 778 2086 transtulerit,
794 2032 822 2075 et
835 2041 886 2076 nos
897 2022 982 2076 hodie

179 2111 276 2165 parurn
286 2100 449 2166 prudentes,
464 2096 510 2164 qui
520 2100 626 2155 vestra,
641 2095 848 2151 adolescentes,
858 2091 982 2154 ingenia,

180 2179 297 2232 quorum
310 2165 390 2216 nobis
404 2163 517 2213 cultura
527 2161 676 2213 commissu
692 2165 749 2220 cst,
764 2157 794 2206 in
809 2154 852 2205 his
867 2154 982 2220 potissi-

178 2246 252 2284 mum
260 2228 494 2298 disputationibus
505 2227 708 2295 cognoscendis
719 2219 913 2274 exerceamusi
928 2219 980 2273 lm·

179 2313 225 2351 mo
240 2312 307 2350 veto
323 2301 351 2346 et
366 2293 442 2345 nulla
453 2297 483 2346 iu
493 2294 639 2347 Platonem
653 2289 834 2360 reprehensio
849 2287 936 2351 cadit,
952 2296 982 2340 et

181 2367 262 2433 culpa
279 2365 360 2413 vacat
375 2360 487 2425 Cicero,
506 2366 535 2412 et
548 2376 565 2413 a
577 2362 658 2413 nobis
675 2373 709 2411 ex
725 2356 799 2410 omni
814 2357 981 2424 scriptorum

98 2480 102 2486 .
154 2469 159 2476 .,
181 2443 295 2486 numero
305 2428 397 2482 nullus
412 2427 481 2498 eligi
494 2434 618 2500 poterat,
639 2429 669 2481 iu
680 2439 734 2496 quo
752 2423 858 2478 maiore
874 2422 978 2486 fructu,

194 2565 240 2678 Ι’3)
252 2561 541 2667 gzpe‘pppphltlilptm
549 2609 753 2678 cliter'rcripserst
763 2613 874 2658 moretm.
886 2607 978 2654 Ruhnls.

174 2673 326 2780 ιὲῑιὶὧιιὲἐὲω
341 2676 435 2724 delendi
447 2687 516 2734 pesse
532 2671 624 2720 matitia
635 2673 733 2720 videtur.
762 2668 874 2714 bluttblss
891 2668 980 2724 recapit
