2150 3012
136 198 150 220 ’
239 224 297 266 u
373 195 593 250 ousrroxr.
745 209 747 212 ’
798 157 878 254 ¹ar

74 303 169 364 nium,
198 301 262 368 plns
281 299 310 352 in
329 305 441 351 oratore
458 299 622 350 industriam
638 269 732 364 possa
767 296 824 352 Sed
846 307 879 354 ut

72 368 192 436 physici
201 370 290 429 aiunt,
301 381 347 418 res
358 380 372 416 e
382 367 476 417 multis
487 381 518 416 ac
529 366 646 416 diversis
657 367 801 417 elementis
813 382 884 430 cons.
942 364 946 374 ’

74 437 162 488 llatae
173 441 255 502 atque
266 439 412 484 concretas
425 447 505 484 exeo
516 433 666 494 nominari,
679 433 754 498 quod
767 435 797 484 in
830 449 877 485 ua·

74 517 135 570 que
150 503 318 561 dominetur,
339 501 379 550 sic
393 505 503 550 veteres
516 499 571 561 illi,
586 513 647 550 curn
657 500 686 550 in
696 501 788 565 poetis
798 447 877 551 iflum

74 569 169 620 animi
188 569 316 619 ardorem
330 566 476 632 plurimum
492 580 576 631 posse
585 567 724 632 quasique
738 567 874 633 principa·

73 643 142 688 tum
154 634 293 694 obtinere,
314 635 407 683 euram
424 639 515 682 autem
529 639 557 682 et
567 633 731 697 industriam
744 633 876 699 subsequi

75 703 164 768 eique
175 701 253 766 quasi
263 699 392 750 famulari
401 699 538 749 viderent:
557 699 631 766 quod
644 699 822 766 praecipuum
833 715 875 752 es·

73 775 137 829 set,
151 767 180 818 id
191 767 280 817 solum
290 780 353 816 esse
365 765 502 816 dixerunt.
530 764 606 816 Nam
619 765 692 831 quod
702 766 801 817 summi
810 768 874 832 poi·
892 761 896 783 ¹

72 842 126 887 tae
136 833 260 893 fuerunt,
276 839 421 897 antequam
433 833 574 898 quisquam
588 832 713 898 poetices
727 839 876 899 praecepta

73 901 218 962 traderet,
233 899 307 951 idem
316 900 345 948 in
356 898 514 948 oratoribus
524 899 579 949 dici
590 905 694 964 potests
717 900 741 950 si
755 899 875 966 quidem,

73 975 109 1020 ut
124 968 198 1018 alios
214 967 351 1028 omittam,
367 963 415 1016 ille
430 965 504 1034 ipse,
519 979 573 1030 quo
585 980 665 1016 nemo
675 964 874 1031 posthomines

75 1041 162 1086 natos
181 1032 357 1098 eloquentior
374 1030 439 1094 fuit,
462 1029 677 1093 Demosthenes,
703 1046 797 1083 omnes
817 1033 875 1084 elo·
940 1079 943 1083 .

76 1101 211 1170 quentiae
221 1111 351 1152 numeros
361 1103 443 1148 antea
451 1098 625 1164 immerenti,
637 1113 716 1164 quam
727 1099 761 1149 ab
770 1099 875 1152 Aristo·

74 1169 150 1230 tele,
169 1167 330 1233 quiprimus
340 1171 371 1215 ut
381 1164 559 1227 dialecticen,
577 1165 618 1215 ita
631 1171 660 1216 et
671 1163 830 1217 rhetoricen
840 1167 875 1217 ad

76 1236 150 1286 artis
164 1233 281 1284 formam
296 1231 362 1284 rede
385 1233 418 1294 't,
438 1231 501 1282 libri
515 1231 550 1281 ad
564 1245 623 1281 eam
636 1245 694 1282 rem
703 1234 875 1296 pertinentes

77 1300 331 1354 conscriberentur.
389 1297 423 1349 ed
436 1304 465 1348 et
475 1296 619 1348 emendate
634 1296 817 1364 loquebantur
826 1297 876 1350 lio·

76 1369 183 1429 mines,
196 1371 342 1432 antequam
353 1365 526 1432 grammatici
536 1365 726 1425 nascerentur,
740 1377 830 1429 neque
840 1379 876 1416 ex

75 1431 193 1485 illorum
204 1433 361 1499 praeceptis
375 1431 518 1482 emendate
530 1429 662 1498 loquendi
673 1429 805 1492 facultas,
825 1431 877 1481 sed

9 1535 10 1542 ι
75 1503 143 1567 ipsa
161 1501 255 1565 potius
273 1506 422 1566 praecepta
438 1514 472 1550 ex
490 1496 685 1549 observatione
701 1509 809 1557 eorum,
829 1499 876 1564 qui

75 1567 152 1622 bene
167 1567 362 1631 loquerentur,
380 1572 461 1615 enata
474 1571 551 1627 sunt;
573 1577 627 1629 quo
643 1561 726 1612 modo
741 1561 875 1614 iuriscon-

75 1631 148 1686 sulti
159 1632 265 1695 dicunt,
277 1647 332 1682 non
343 1633 387 1682 ius
398 1645 413 1682 e
423 1631 539 1698 regulis,
551 1627 601 1681 sed
612 1629 697 1679 eiure
707 1628 818 1708 regulas
829 1643 875 1681 ex·

75 1702 197 1752 stitisse.
231 1693 329 1766 Neque
349 1698 459 1749 omnino
479 1697 627 1764 quidquam
652 1701 695 1746 est
716 1695 792 1748 aliud
819 1711 874 1760 ers,
924 1726 939 1738 -

76 1781 162 1834 quam
171 1766 290 1817 imitatio
301 1766 435 1833 quaedam
446 1771 573 1827 naturae,
589 1777 679 1830 neque
692 1763 750 1814 ulla
762 1769 806 1815 est
819 1779 873 1826 ars,

76 1835 159 1885 cuius
169 1847 224 1884 non
237 1835 341 1883 semina
351 1847 383 1882 ac
393 1832 529 1898 principia
537 1837 652 1882 naturae
664 1830 824 1882 debeantur.

93 1921 97 1929 “
112 1899 161 1952 Sic
172 1900 259 1966 igitur
272 1914 289 1950 a
303 1915 345 1950 me
357 1900 472 1966 primum
488 1897 558 1949 illud
576 1904 658 1963 caput
674 1911 784 1960 eorum,
803 1910 874 1964 quae

9 1973 11 1990 '
76 1979 290 2031 proposueram,
309 1967 474 2032 explicatum
493 1965 542 2027 sit,
561 1972 593 2015 ut
610 1965 748 2030 poeticam
781 1977 871 2030 neque
936 1967 937 1974 ’

75 2031 210 2098 impetum
224 2032 359 2098 quendam
377 2032 461 2082 animi
477 2037 582 2082 temere
601 2030 661 2081 sine
679 2031 745 2081 ullis
761 2030 871 2098 legibus

76 2098 205 2164 vagantis
216 2113 278 2149 esse
288 2095 451 2159 statuamus}
459 2111 548 2164 neque
559 2111 653 2148 rursus
664 2102 751 2148 totern
759 2109 871 2163 praece·

76 2165 131 2228 ptis
143 2164 283 2232 alligatam
295 2171 323 2215 ct
332 2163 492 2216 adstrictam
502 2164 604 2226 teneri;
623 2163 674 2214 sed
689 2169 717 2214 et
731 2175 869 2230 generoso

77 2230 333 2298 quodamingenio,
348 2236 406 2283 tum
421 2232 456 2281 ad
471 2229 667 2296 concipiendas
677 2231 768 2280 animo
778 2243 868 2280 rerum

77 2295 222 2364 imagines,
232 2305 289 2348 tum
300 2297 335 2348 ad
346 2311 387 2360 ea,
395 2311 464 2364 quae
476 2296 645 2362 conceperit,
652 2295 800 2361 grandibus
810 2309 870 2346 ver-

77 2361 119 2412 bis
130 2370 159 2414 et
168 2365 280 2415 minime
290 2365 398 2431 vulgari
408 2363 517 2414 dicendi
528 2376 631 2429 genere
642 2360 783 2413 efferenda
792 2375 869 2428 egre·
934 2423 936 2430 Ι

78 2429 122 2494 gie
132 2429 222 2491 facto,
238 2437 267 2482 et
278 2437 423 2497 praeterea
435 2430 562 2495 diligenti
574 2443 640 2492 cura
650 2434 731 2494 atque
742 2428 870 2479 observa·
896 2467 899 2487 ,

77 2495 373 2564 tionepraeceptorum
384 2496 554 2564 quorundam
568 2495 714 2546 contineri.
747 2493 870 2558 Antiqui·

78 2559 869 2629 tasipsiusveleCiceronistestimonioomnibusnotaest,

79 2624 867 2698 quiedoctisantiquissimumesseaitpobtammgenus*).

104 2699 126 2755 *)
142 2703 393 2757 Cie.'l'usc.1.l.§.³.

110 2759 244 2814 Muaar.
265 2759 397 2815 (ialls
593 2755 617 2806 G
645 2760 653 2775 ‘
