2140 3010
350 155 587 215 PRAEFATIO
604 157 639 212 x.
846 151 916 215 '25⁹'

93 261 192 316 labore
207 261 336 334 ,defungi
375 261 446 314 Nam
462 262 526 313 eum
546 260 674 330 singulae
694 255 904 330 disputationes.
953 319 960 325 ,

93 337 207 383 nostrae
218 330 247 382 iu
257 334 339 383 unius
350 328 436 382 horae
448 328 617 381 curriculum
631 329 846 390 concluduntur,
863 346 899 384 ex
916 333 919 339 ’

93 411 185 464 eoque
195 399 257 464 ipso
268 397 375 466 aliquid
384 411 469 464 saepe
478 394 573 449 multis
587 397 781 449 occasionibus
789 398 898 449 'delibe
915 459 918 464 ¹

91 471 139 516 tur
158 479 192 516 ue
212 464 388 528 detrabatur,
414 463 573 519 adhibendo
591 463 763 531 parsimonia
780 471 837 528 est,
858 467 910 516 vi-¹

93 531 269 598 dentiumque
280 534 354 586 omui
367 533 475 594 studio,
493 538 525 584 ut
537 533 568 584 id
582 531 696 596 saltem,
715 531 790 598 quod
806 533 897 592 detur,

92 613 176 666 quum
197 614 345 666 possumus
367 601 472 668 optime
499 607 529 652 et
555 598 705 652 utilissime
730 598 895 661 collocetur.

38 717 44 722 .
91 667 149 718 lum
160 680 175 716 e
185 671 241 718 tam
252 669 330 720 brevi
340 676 467 734 tempore
476 683 532 719 non
541 665 656 718 multum
668 671 763 734 potest
777 673 897 718 tracten-

55 772 57 780 ,
92 733 137 785 dis
147 733 231 786 rebus
242 735 370 804 relinqui,
388 731 532 801 siuliquid
544 749 578 786 ex
589 748 623 784 eo
633 733 745 802 singula
754 734 840 784 verba
850 733 897 785 de·

92 807 216 866 eerpeut.
253 801 408 868 Praecipue
422 809 515 854 eutem
530 801 575 854 hio
594 800 666 852 liber
676 807 791 868 propter
801 801 896 852 mirifi-

92 880 153 918 oam
175 870 313 935 quendem
330 884 422 922 rerum
441 883 474 921 eo
493 870 693 922 sententiarum
706 868 899 924 subtilitatem

92 934 236 1002 postulare
250 937 454 1003 quodammodo
465 937 624 998 ridebatur,
638 943 668 988 ut
679 939 735 1004 quo
748 937 897 988 liberiores
910 986 915 1002 ,Ι

92 1003 177 1053 animi
196 1003 286 1064 nostri
301 1010 378 1056 totos
394 1017 425 1056 se
438 1004 473 1056 ad
488 1019 536 1058 eas
555 1005 666 1072 penitus
685 997 897 1072 oogrloecemius
913 1063 917 1069 ,Ἰ

93 1067 205 1133 durent,
222 1070 273 1122 ille
283 1071 373 1123 ultera
385 1085 449 1138 pars
463 1071 569 1124 laboris
584 1078 613 1122 et
630 1071 712 1123 vobis
727 1071 837 1124 etmihi
851 1068 905 1124 de.

92 1143 240 1189 meretum·
259 1137 350 1190 Fuere
361 1145 390 1190 et
399 1139 473 1188 ellae
484 1137 564 1189 huius
574 1138 757 1192 meirconsilii
772 1154 898 1201 caussae,
983 1183 992 1194 „
1046 1161 1051 1170 ·

92 1217 162 1270 quae
180 1201 251 1256 nihil
267 1218 383 1256 necesse
403 1202 494 1256 babeo
508 1203 634 1270 pluribus
647 1207 788 1272 persequi.
807 1189 902 1260 ‘Deli

92 1276 185 1322 autem
204 1284 330 1336 operum,
347 1277 478 1338 quantum
490 1271 601 1337 quidem
614 1271 643 1321 in
655 1284 699 1321 me
716 1271 783 1336 fuit,
799 1279 829 1324 ut
838 1275 897 1325 Ari-

93 1337 205 1388 stotelis
217 1352 275 1387 non
285 1339 451 1392 sententiam
463 1339 550 1390 modo
568 1338 768 1406 exprimerem,
788 1341 838 1392 sed
850 1355 897 1408 ge·

92 1418 145 1455 nus
162 1405 254 1470 ipsum
270 1403 395 1467 dicendi,
417 1406 509 1473 quoad
522 1406 635 1468 liceret,
656 1405 791 1456 imitarer.
826 1407 897 1458 Nem

93 1485 155 1522 cum
168 1486 219 1522 suo
230 1471 347 1539 quisque
359 1473 445 1525 modo
457 1480 486 1525 et
496 1473 626 1541 loquetur
637 1477 668 1525 et
681 1472 798 1536 scribat,
814 1473 897 1526 elios-

93 1551 146 1605 que
157 1545 289 1606 angusta,
305 1554 414 1606 pressu,
428 1542 554 1604 concise,
563 1542 643 1592 ‚elios
654 1539 757 1606 ampla,
772 1541 897 1607 copiosa,

92 1605 253 1657 redundans
272 1607 396 1659 delectet
416 1609 522 1661 oratio:
544 1622 599 1658 non
619 1607 688 1660 sutis
703 1608 792 1673 probo
808 1609 898 1659 eonsi-

91 1672 161 1724 lium
173 1687 283 1737 eorum,
304 1675 353 1743 qui
369 1690 431 1726 cum
445 1675 616 1727 Aristoteles
636 1675 793 1726 siceitatem
806 1690 899 1742 'quan-

92 1741 156 1792 dam
171 1741 392 1808 tenuitatemque
407 1743 532 1806 dicendi,
554 1748 653 1794 contre
668 1741 768 1794 Cicero
790 1743 903 1808 copiam

91 1814 121 1860 et
130 1807 286 1858 ubertatem
297 1809 482 1874 adamaverit,
503 1825 594 1877 neque
605 1809 757 1878 quidquem
769 1815 826 1860 tam
844 1809 913 1860 die.

89 1875 182 1927 simile
193 1874 238 1937 sit,
249 1890 330 1942 quam
342 1881 438 1930 eorum
448 1879 523 1930 inter
532 1876 681 1930 redicendi
690 1877 899 1942 genus,rl1·isto-

20 1951 21 1954 ’
69 1984 73 1989 .
89 1943 174 1996 telem
182 1947 276 1994 tumen
285 1944 511 2012 interpretantes,
524 1945 589 2013 quie
599 1959 630 1996 se
639 1957 720 2010 quam
731 1943 898 2012 possuntCi·
932 1988 934 1992 .

89 2011 202 2063 oerouis
215 2010 372 2068 simillimos
390 2027 453 2064 esse
464 2015 592 2080 cupiunt,
607 2025 678 2080 quae
689 2013 724 2064 ab
735 2011 786 2064 illo
799 2017 827 2064 et
837 2011 898 2062 bre·
922 2007 924 2016 ’

87 2078 161 2128 viter
174 2083 204 2130 et
218 2078 391 2133 subobscure
409 2081 486 2133 diota
499 2086 577 2144 suut,
597 2077 726 2132 eubulus
739 2094 818 2131 more
829 2079 897 2130 dila·

31 2202 33 2205 ,
87 2150 150 2196 tant
163 2151 247 2213 atque
263 2147 406 2201 diducunt.
443 2147 594 2201 Sedunum
610 2147 725 2215 cuique,
740 2153 773 2199 ut
785 2146 895 2199 dicitur.

88 2212 151 2279 ligo
162 2226 197 2263 uu
207 2214 281 2280 quod
291 2217 368 2269 volui
379 2223 525 2268 essecutus
537 2216 603 2280 sim,
618 2216 728 2278 nescio,
744 2219 793 2266 aut
801 2214 896 2281 potius

88 2280 118 2332 id
128 2293 184 2330 non
195 2289 353 2336 assecutum
369 2297 432 2336 esse
448 2298 502 2347 me,
518 2285 592 2336 scio:
611 2293 687 2336 certe
698 2282 809 2350 quidem
821 2278 896 2346 quod

88 2348 118 2400 in
132 2344 186 2398 hoe
200 2363 304 2416 genere
319 2352 452 2418 optimum
467 2357 524 2413 est,
543 2351 572 2402 id
587 2365 631 2403 me
646 2356 772 2402 secutum
788 2359 851 2399 esse
863 2361 895 2398 ee

90 2417 263 2481 propositum
281 2415 412 2470 habuisse
428 2419 549 2470 conlido.
584 2417 682 2485 Neque
696 2417 796 2468 damno
816 2413 895 2464 indu·

90 2483 186 2534 utrium
197 2497 302 2547 eorum,
311 2488 358 2553 qui
366 2493 414 2538 aut
423 2492 487 2538 ente
498 2499 552 2548 me,
562 2491 610 2536 eut
619 2490 684 2552 poet
693 2481 896 2550 metuiquidem
912 2519 914 2524 ,

89 2551 144 2601 iam
157 2548 304 2606 duodecim
315 2555 380 2605 anui
394 2560 467 2616 sunt,
484 2567 546 2604 oum
561 2550 643 2604 huius
656 2551 895 2615 libriinterpretu·
953 2561 957 2570 ’

89 2619 201 2670 tiomea
210 2616 328 2684 primum
338 2621 476 2684 edituest)
485 2621 514 2672 in
524 2618 567 2670 bi
576 2618 893 2672 rebusLutiuetrueteu-
938 2672 940 2676 ,

90 2685 134 2740 <lie
153 2684 346 2740 eleborumntz
374 2703 491 2757 quorum
511 2688 594 2742 etiem
611 2688 723 2812 ῳιέἱὲηι
738 2686 845 2742 auxilio
858 2683 894 2740 ud
