2140 3010
130 657 132 660 ⁴
180 545 202 689 '¹
238 583 788 664 n.nnrou11·uoaurr

485 896 510 949 D
644 886 646 890 ,

520 899 545 950 E

9 1107 15 1112 ¹
93 1001 95 1004 ’
156 1015 406 1115 ετμοιιε
452 1014 870 1086 urrrnonauu.

150 1137 257 1222 Tanta
270 1176 315 1222 est
328 1171 425 1222 collati
438 1169 552 1222 aVobis
566 1172 595 1220 in
609 1171 792 1224 mebenefieii
807 1173 912 1239 magni·

111 1236 195 1300 tudo,
216 1236 314 1288 Patres
325 1237 499 1302 amplissimi,
518 1243 550 1286 ut
557 1235 627 1286 mihi
635 1250 686 1304 pro
701 1251 750 1298 eo,
766 1237 850 1288 sicuti
863 1253 913 1303 par

113 1309 166 1362 est,
177 1303 257 1359 vobis
267 1303 372 1372 gratias
382 1315 466 1370 agero
480 1303 603 1369 cupienti
618 1317 673 1354 nou
682 1303 832 1354 mediocris
843 1304 912 1354 obii·

114 1368 205 1420 ciat'ur
217 1374 320 1430 metus,
340 1381 388 1431 ne,
408 1383 469 1420 eum
485 1383 580 1421 omnes
594 1369 701 1436 ingenii
718 1369 775 1420 mei
786 1371 862 1428 ,sires
877 1371 913 1420 ad

113 1439 222 1504 gratam
244 1433 321 1486 illius
344 1438 636 1492 commemorationem
658 1435 834 1497 contulero,.
850 1449 913 1486 mee

112 1513 208 1552 tamen
227 1501 317 1551 oratio
332 1501 415 1569 longe
430 1503 631 1572 multumquea
648 1503 692 1554 rei
710 1501 747 1554 ad
766 1501 912 1554 dicendum

113 1569 274 1636 propositae
285 1566 420 1635 (lignitate
431 1568 554 1621 abfuisse
564 1570 699 1622 videatur.
725 1569 836 1628 Etenim
846 1569 912 1634 quid

114 1651 132 1687 a
141 1649 184 1685 me
196 1634 320 1701 amplius,
335 1635 400 1702 quid
410 1636 588 1702 praeclarius,
605 1636 672 1702 quid
682 1633 911 1690 honorifieeutius

112 1702 160 1754 vel
168 1703 283 1768 sperari,
294 1701 339 1752 rel
349 1702 447 1765 dinam,
458 1706 541 1755 etiam
553 1705 644 1769 optari
652 1708 772 1821 poterat,
790 1716 871 1768 quam
880 1707 912 1752 ut

112 1769 211 1821 talium
238 1770 361 1821 virorum
387 1770 491 1822 iudicio
520 1770 557 1822 ad
580 1783 650 1822 exeo
664 1769 736 1832 enda
756 1768 910 1834 disciplinis

112 1835 276 1888 liberalibus
299 1834 380 1888 huius
405 1837 595 1890 nobilissimae
617 1836 769 1888 iuventutis
796 1835 932 1902 ingenia

112 1903 230 1956 idoneus
248 1901 412 1954 iudicarent
423 1905 463 1956 An
477 1917 543 1954 vero
562 1903 733 1956 fortissimos
754 1902 822 1961 olim
834 1905 909 1954 viros
986 1941 995 1948 ,

74 1997 77 2002 ·
112 1971 269 2036 accepimus
281 1970 311 2020 iu
325 1969 478 2036 Olympiois
494 1969 690 2022 certaminibus
709 1975 787 2021 tanto
806 1970 909 2032 studio,
957 2019 960 2024 .

112 2041 190 2088 tanta
199 2037 325 2089 laborum
334 2041 365 2089 to
410 2038 497 2099 antia,
512 2043 590 2090 tanto
603 2036 722 2104 denique
733 2038 807 2090 vitae
821 2037 909 2104 ipsius

111 2102 237 2170 periculo
249 2103 337 2154 solam
346 2037 443 2156 vfflem
455 2105 600 2170 praeconis
611 2110 640 2154 et
650 2111 770 2158 coronae
784 2107 910 2156 testimo·
994 2151 1000 2168 ,
1066 2115 1067 2146 l

111 2170 187 2220 nium
196 2176 291 2236 petere
301 2170 402 2223 solitos
413 2186 487 2235 essa3
501 2185 648 2238 earumque
658 2185 750 2222 rerum
760 2171 909 2238 adeptione

110 2237 152 2288 ita
161 2250 223 2288 esse
233 2237 360 2302 gavisos,
373 2243 509 2290 uteorum
519 2238 646 2296 nonnulli
654 2251 721 2304 prae
732 2237 909 2291 nimialaeti-

37 2360 41 2372 .
111 2303 154 2354 tia
160 2303 189 2353 in
199 2302 299 2354 mediis
309 2305 504 2369 gratulantium
515 2305 687 2371 amplexibus
702 2307 859 2372 exspirasse
869 2301 908 2354 di·
974 2311 986 2336 1

112 2371 250 2432 eantur*):
261 2383 314 2436 ego
325 2372 354 2422 in
360 2370 557 2423 florentissima
566 2372 695 2434 omnium,
705 2386 774 2438 quae
783 2370 833 2422 sub
844 2383 907 2421 aoe-

113 2436 141 2486 lo
153 2443 225 2499 sunt,
238 2437 359 2499 civitate,
368 2436 751 2489 nobilissimorumlrominum
759 2437 863 2488 iudicia
872 2434 907 2485 cle

110 2517 154 2554 me
174 2501 454 2556 honorificentissima
472 2510 647 2567 consecutus,
668 2509 716 2555 aut
729 2502 908 2554 mediocriter

109 2567 178 2624 mibi
193 2569 368 2640 gaudendum
383 2578 431 2624 aut
443 2571 574 2639 gaudium
585 2585 620 2624 ex
630 2585 663 2622 ea
672 2585 703 2624 re
713 2583 804 2622 meum
813 2574 907 2638 tegen-

158 2663 177 2718 ¹)
188 2661 476 2708 vleltn.ti.N.v1bt
501 2719 546 2764 W
571 2660 784 2710 .Gsle.n.111.
797 2664 828 2704 lb.
893 2736 894 2740 Ἰ

161 2897 162 2910 ¹
465 2895 583 2974 Qasr?
621 2885 624 2890 Ι
841 2943 845 2958 ·
