2150 3012
327 211 654 270 ‘'orenrloxlll.
741 217 758 240 ³
863 221 910 272 ill

108 329 210 372 rorum
226 315 262 369 de
272 275 447 385 ‘gravissimis
457 305 541 369 rebus
552 313 773 369 consultationes
783 316 913 388 frequen
990 311 997 322 ’

113 395 159 438 ter
169 385 310 438 adbibitus
321 391 406 446 esset,
422 387 542 435 omnium
553 379 705 438 sententias
716 385 858 447 audiisset,
868 401 912 440 ra·

111 455 236 514 tionum,
257 453 357 519 quibus
372 453 488 518 quisque
504 453 656 514 niteretur,
670 451 794 519 pondera
807 467 839 504 ae
854 468 911 505 mo·

116 527 211 572 menta
221 519 370 586 diligenter
384 518 573 586 expendisset,
588 520 765 572 observasset
775 526 874 586 postea
885 530 913 572 et
987 552 992 558 -

115 593 246 646 notasset
256 587 417 653 diligenter,
435 585 500 652 quid
516 601 550 637 ex
566 601 620 652 quo
635 592 813 638 consecutum
824 593 912 639 essetx

119 656 182 721 quis
200 669 256 704 non
273 653 466 704 incredibilem
487 653 622 720 quandam
642 655 669 703 in
688 667 723 704 eo
743 653 839 722 vigere
859 655 913 706 vim

118 721 230 772 consilii
258 719 400 772 crederet?
436 720 498 787 quis
522 735 576 770 nun
599 721 660 771 eius
691 723 856 772 sententiam
878 722 912 774 de

116 787 202 839 rebus
225 787 356 854 gerendis
383 788 412 836 in
437 787 543 838 oraculi
565 787 765 854 propemodum
792 788 856 839 loco
881 799 935 844 ec,

116 853 407 906 numero-'habendam
426 853 578 905 fateretur?
607 855 689 922 Atqui
716 853 791 919 quod
815 861 913 906 natura
936 889 938 894 ,

118 922 200 973 nobis
216 921 347 988 denegat,
365 927 492 986 praestat
510 919 641 984 historia,
662 926 704 981 ut,
726 924 772 988 qui
792 935 852 972 eam
867 922 914 974 diu

118 1003 152 1040 ae
169 987 317 1055 diligenter
332 981 553 1055 perrrssutarunt,
576 989 701 1039 omnibus
719 989 857 1041 aetatibus
876 989 914 1040 vl·

118 1056 211 1118 xisse,
234 1067 328 1106 omnes
350 1057 481 1122 regiones
502 1055 702 1122 perlustrasse.
726 1056 852 1108 omnibus
866 1063 915 1122 pu·

108 1121 200 1190 'blicis
212 1123 337 1172 consiliis
349 1123 517 1184 interfuisse,
528 1123 628 1184 omnia,
640 1137 710 1190 quae
721 1137 838 1191 unquam
850 1137 914 1174 eerr-
975 1171 988 1188 ,

117 1191 254 1256 tigerunt,
265 1194 433 1256 'praesentes
454 1197 596 1254 spectasse
613 1197 695 1256 atque
715 1197 864 1242 annotasse
876 1189 914 1240 vi·

119 1255 244 1308 deantur.
279 1255 349 1306 Nam
361 1255 433 1322 quod
444 1257 545 1308 alieubi
555 1259 750 1321 Aristoteles*)
766 1257 818 1320 ait,
828 1257 914 1306 meio·

106 1337 176 1374 ‘rem
205 1323 323 1374 dandam
334 1338 395 1374 esse
405 1326 530 1390 poetices
545 1340 625 1392 quam
639 1323 773 1376 historiae
785 1319 911 1388 camphi

101 1387 200 1457 :losep
218 1390 248 1440 ia
258 1391 490 1455 coniunctionem,
507 1392 581 1458 quod
592 1389 710 1442 historia
720 1395 834 1450 tantum,
849 1388 915 1455 quid

116 1452 222 1510 factum
232 1458 277 1518 sit,
289 1464 421 1523 exponat,
438 1461 560 1526 poetica,
578 1459 644 1526 quid
657 1459 719 1510 lieri
731 1456 868 1508 debuerit:
884 1455 914 1504 id

120 1523 203 1592 quale
217 1529 264 1574 aut
278 1524 417 1592 quomodo
431 1526 622 1592 accipiendum
640 1527 689 1587 sit,
710 1525 779 1575 alias
792 1521 914 1572 fortasse

116 1590 282 1642 videbimus.
319 1591 391 1642 lllud
407 1600 481 1644 certe
496 1601 524 1644 et
537 1601 616 1646 extra
630 1607 738 1642 omnem
755 1595 915 1656 controver-

117 1659 188 1710 siam
198 1663 242 1708 est
258 1663 288 1708 et
295 1658 329 1710 ab
339 1659 436 1710 eodem
447 1657 614 1727 philosopho
625 1660 737 1722 abbir)
746 1656 874 1718 traditur,
885 1654 915 1706 in

116 1725 249 1792 gravibus
269 1730 297 1776 et
321 1727 401 1777 seriis
425 1727 674 1779 deliberationibus
697 1741 758 1778 cum
779 1724 914 1776 unanimus

117 1792 307 1857 exemplorum
318 1807 385 1844 usus
395 1796 465 1856 sit,e
477 1796 566 1863 poetis
574 1797 684 1862 quidem
695 1796 781 1862 petitu
789 1788 915 1856 exempla

115 1861 146 1911 in
158 1860 257 1926 vulgus
268 1860 405 1912 interdurn
416 1862 521 1930 aliquid
531 1859 636 1927 valere3
655 1869 684 1913 at
695 1861 766 1928 apud
777 1871 875 1928 graves
887 1862 916 1906 et

117 1925 251 1977 cordatos
263 1927 337 1977 viros
347 1932 433 1980 multo
443 1932 576 1981 maiorem
586 1932 639 1982 vim
651 1945 692 1992 ea,
704 1943 773 1995 quae
784 1941 819 1977 ex
829 1923 914 1974 hlsto·

117 1991 169 2042 riis
184 1993 267 2043 dueta
277 2000 353 2057 sunt,
376 1997 511 2048 obtinere.
545 1996 615 2049 Nam
628 1995 702 2064 quod
714 1994 850 2046 Horatius
861 1989 915 2054 ses)

117 2057 272 2110 Homerum
288 2064 481 2115 ecnrmendans
496 2065 589 2115 dicere
606 2078 688 2116 ausus
709 2069 765 2124 est,
786 2059 852 2127 quid
866 2055 914 2106 ho·

117 2133 240 2190 nestum,
256 2127 426 2196 quid-turpe,
443 2132 508 2199 quid
518 2132 600 2194 utile,
615 2132 681 2198 quid
691 2129 788 2180 inutile
799 2127 845 2188 sit,
858 2137 913 2174 me·

117 2187 173 2244 lius
196 2209 259 2244 eum
284 2209 316 2245 ae
339 2196 460 2262 plenius,
490 2214 570 2265 quam
596 2195 777 2264 philosophos
802 2194 913 2250 doecre,

117 2258 148 2310 ld
158 2274 211 2328 ego
223 2262 257 2312 de
267 2259 386 2314 historia
399 2263 483 2332 longe
499 2268 591 2316 verius
605 2281 637 2316 ac
652 2266 752 2316 iustius
764 2261 857 2312 dicere
868 2271 914 2306 au·

118 2327 180 2380 eim.
205 2328 317 2380 Etenim
334 2329 494 2399 philosophi
517 2333 617 2400 primas
634 2345 728 2385 rerum
747 2340 860 2380 caussas
874 2323 914 2373 in·

172 2474 183 2497 ⁰
209 2455 383 2516 osroenae.

150 2531 182 2608 ’ἲ
207 2526 315 2626 {enitens
326 2532 360 2627 mi
376 2587 415 2628 2⁴

181 2582 193 2637 J
246 2613 290 2686 Qui
301 2597 396 2693 siloni
406 2615 669 2695 nulclrrumquldtnrpe,
678 2633 730 2690 quid
739 2627 914 2695 utileqnl'dnen

244 2685 868 2796 ”rrlr‚³²:22crrrrnnrfsnr‘'¹⁰¹“
