2150 3012
14 2207 15 2212 ¹
90 2185 167 2237 alios
185 2187 352 2253 interpretes
371 2189 526 2254 requirunt.
560 2187 707 2251 Guoorodo
725 2202 760 2240 ex
774 2187 825 2238 bac

344 149 499 230 ,enarro
521 149 624 205 xvrr.
681 133 684 146 '
841 154 891 212 rao

98 261 196 311 tautum
206 251 359 322 llispaoice
369 254 509 322 loquatur,
525 253 599 305 inter
609 251 762 308 Germanos
772 266 824 322 pro
833 269 891 310 mu·
937 315 942 323 ,

97 331 125 375 to
138 321 294 384 habebitur3
315 319 469 372 Germanus
483 321 556 372 inter
568 319 655 371 italos
673 327 742 373 nutu
760 337 792 374 ac
806 324 891 376 maui-

80 451 83 458 ,
97 389 143 440 bus
153 403 202 454 pro
214 388 309 456 lingua
319 388 360 438 uti
371 393 501 455 cogetur3
521 387 569 454 qui
579 387 689 440 Gallico
707 403 834 440 sermone
844 405 890 458 pe·
913 435 921 442 ,

96 456 225 508 ritissime
235 470 268 506 ac
278 455 463 506 scientissime
473 459 578 516 utatur,
593 453 641 505 ubi
652 469 667 506 e
679 454 773 507 Gallia
781 457 891 518 exierit,

98 535 176 590 saepe
196 520 268 573 ultro
280 520 453 585 irridebitor3
468 521 515 587 qui
529 517 635 573 Graece
645 521 800 588 Latineque
810 524 891 584 sciat,

97 588 890 654 is,quocunqueterrarumrenerit,nonintelligeturtan·
941 597 945 602 '

97 660 168 718 tum,
186 653 236 704 sed
250 655 321 722 apud
339 654 488 722 plerosque
509 655 686 706 admirationi
705 657 768 706 erit.
801 656 892 735 Atque
933 660 935 671 '

97 719 162 772 haee
176 735 275 772 caussa
287 719 334 772 vel
345 722 466 772 maxima
482 727 538 782 cst,
554 735 603 772 cur
613 721 720 772 Graece
735 720 891 774 autLatmc
951 733 954 742 ‘

116 788 195 849 otius,
207 802 288 854 quam
298 787 394 839 ltalice
405 793 453 838 aut
463 785 570 840 Gallice
583 787 720 851 scribere,
736 789 891 856 quicunque

97 803 125 906 Yd
143 855 256 920 egregie
277 859 419 920 praestare
437 860 567 920 possunt,
591 852 719 906 debeant.
753 853 823 906 Nam
843 855 891 922 qui

51 941 56 946 ·
98 921 230 982 scribunt,
246 927 293 972 aut
309 921 458 972 utilitatem
472 920 610 987 publicam
625 927 673 972 aut
686 922 804 988 gloriam
814 935 893 973 suam

96 993 253 1054 sequuntur.
289 986 320 1038 Si
330 987 475 1038 utilitatem
486 987 636 1054 publicam:
651 995 726 1040 certe
736 989 822 1043 multo
833 989 892 1056 plu·
981 1045 983 1049 ,

96 1055 171 1106 ribus
184 1053 347 1121 proderunt,
364 1055 389 1106 si
407 1068 441 1105 ea
459 1053 555 1122 lingua
572 1054 708 1117 scribant,
729 1069 798 1122 quae
818 1053 892 1122 apud
979 1067 983 1074 ·

97 1121 892 1190 omnesgeotes,quibuscummodoaliquiduobisususaut

97 1187 253 1238 commercii
264 1192 315 1248 est,
330 1187 512 1254 intelligatur.
548 1186 674 1238 Gloriam
689 1202 798 1255 quoque
813 1203 891 1240 suam

95 1253 204 1320 longius
215 1253 353 1320 latiusque
364 1251 530 1314 dissuadent,
545 1251 570 1302 si
580 1266 613 1303 ea
623 1254 759 1317 scribant,
774 1269 891 1322 quomm

32 1357 36 1360 -
94 1319 252 1387 pulcritudo
271 1319 304 1369 ab
319 1319 445 1369 omnibus
462 1317 572 1386 populis
591 1333 623 1370 ac
641 1320 771 1387 gentibus
784 1321 892 1389 percipi

96 1392 187 1454 queat.
222 1384 258 1435 Ut
267 1385 353 1451 igitur
362 1385 602 1453 peregrinantibus
614 1387 734 1454 optabile
746 1393 835 1453 esset,
847 1401 890 1438 re·

92 1453 186 1522 perire
200 1465 287 1518 genus
299 1451 411 1517 aliquod
421 1466 605 1514 eanimurum,
623 1457 700 1504 cuius
711 1453 808 1504 eadem
818 1452 890 1520 apud

96 1531 192 1571 ornnes
207 1517 364 1567 aestimatio
378 1525 464 1580 esset,
479 1518 620 1585 multoque
635 1519 767 1571 libentius
780 1525 890 1570 uteren-

61 1636 63 1640 .
92 1585 190 1640 trariis
204 1583 366 1652 qaamillis,
386 1586 431 1652 qui
445 1585 529 1656 tertio
545 1592 592 1637 aut
605 1593 703 1654 quarto
720 1600 829 1655 qaoque
844 1586 889 1638 dia
935 1612 938 1617 ’

93 1669 158 1706 cum
169 1653 334 1704 detrimento
347 1659 446 1704 etcum
455 1652 585 1704 molestia
597 1653 721 1706 mutandi
734 1659 810 1717 suot,
828 1666 890 1704 com

72 1747 74 1754 ι
91 1721 135 1773 ibi
146 1726 252 1772 tantum
262 1719 346 1770 utiles
356 1720 423 1781 sint,
436 1719 485 1790 ubi
493 1721 610 1787 imperat
619 1722 643 1772 is
654 1721 795 1786 princeps,
811 1720 889 1772 cuius

91 1787 240 1838 inditione
252 1785 396 1849 cuduntur,
406 1787 446 1839 ita
454 1800 535 1837 nemo
547 1801 600 1838 non
610 1786 694 1850 videt,
704 1793 805 1854 quanto
817 1799 890 1837 coma

91 1853 204 1906 modius
212 1854 257 1916 sit,
264 1854 306 1903 uti
317 1867 350 1904 ea
358 1853 462 1920 lingua,
469 1869 539 1920 quae
549 1854 577 1904 in
588 1855 662 1906 omni
668 1861 751 1921 gente
762 1867 794 1905 ac
801 1854 890 1904 natio·

90 1934 129 1972 ne
139 1919 245 1986 reperit
254 1919 377 1987 aliquos,
394 1921 540 1988 etquidem
555 1935 610 1972 noo
621 1936 655 1972 ex
663 1921 726 1972 fece
737 1921 825 1988 vulgi,
839 1917 891 1972 secl

91 1999 131 2038 ex
141 2000 249 2054 quaque
260 1984 491 2039 honoratissimos
502 2001 660 2068 quosquos
670 1988 768 2056 quibus
779 1988 839 2038 siue
849 1987 890 2038 in·

88 2059 216 2118 terprete
226 2053 407 2120 intelligatur,
424 2069 503 2122 qoam
513 2055 563 2116 ris,
578 2069 648 2121 quae
659 2055 740 2106 simul
750 2059 832 2121 atque
842 2068 890 2120 pe·
952 2087 954 2091 v

90 2119 158 2172 dem
169 2133 203 2170 ex
212 2118 264 2172 bac
274 2128 322 2172 aut
337 2121 388 2172 illa
399 2122 542 2188 provincia
558 2123 705 2183 extuleris,
720 2122 792 2172 alios
806 2127 889 2237 atpue

861 2199 889 2237 0·

88 2252 252 2305 rectissima
271 2259 300 2305 et
317 2253 491 2306 nobilissime
509 2254 577 2306 orbe
596 2257 626 2306 in
646 2269 740 2306 omnes
754 2261 892 2312 terrarum

14 2337 15 2344 ¹
110 2325 201 2382 artes,
219 2321 358 2386 quomodo
373 2319 410 2373 eu
427 2321 554 2374 omnibus
572 2327 707 2373 terrarum
723 2321 847 2388 partibus
860 2321 889 2371 io

87 2334 167 2437 Bane
176 2385 623 2468 urbemlegetiouesmitterentur,
632 2389 656 2440 si
666 2389 888 2454 eliamlinguam,

86 2467 261 2570 33¹²i¹¹I³³⁰¹2
272 2468 350 2506 curus
361 2455 508 2536 apud-suos
519 2455 644 2520 publicus
656 2471 723 2508 usas
733 2460 788 2514 est,
806 2465 887 2504 nemo

14 2617 15 2626 ψ
86 2519 888 2656 scarabeumattrectaretur

84 2667 178 2723 saepe
187 2655 223 2708 iis
233 2651 303 2706 solis
313 2663 395 2708 notas
405 2667 469 2710 esse
481 2655 605 2724 expedit,
622 2655 670 2724 qai
683 2649 838 2706 sentcntiae
848 2649 887 2700 di·
961 2700 965 2716 ,
