2140 3010
71 164 74 169 ’
129 191 134 196 -
173 142 257 244 'sss
446 144 748 224 roirnrsrrorrr.
807 205 814 213 a
851 209 861 218 „

198 277 283 326 vitam
294 255 408 326 baneas
419 273 570 341 prudenter
580 274 791 342 dirig'eotlomsi
802 277 904 342 quises
910 283 985 330 oroni-

197 343 250 392 bus
264 347 389 392 veterum
403 341 514 408 seriptis
530 342 634 407 optima
648 355 772 408 quasque
786 343 920 410 seligens,
938 348 987 398 sin·

180 407 183 418 ¹
199 407 265 476 gulo
276 423 337 460 eum
347 408 465 474 singulis
475 405 685 470 eonferot‚nihil
696 407 749 459 hoo
755 409 826 460 libro
832 411 987 478 utiliuspos·

199 489 230 526 se
241 475 367 542 reperiri.
389 475 428 525 Ao
438 489 474 525 ne
485 474 626 541 quisame
636 473 765 527 fortassis
776 474 845 526 haec
854 477 909 528 dici
920 487 989 544 putet

199 543 289 608 magis
299 541 335 592 ad
344 541 922 604 excitandarestrastudiaetadfaciendam
928 545 989 596 milri

198 607 378 668 audientiam,
389 622 470 674 quam
480 607 554 674 qnod
563 609 603 657 ito
614 622 644 657 se
655 621 700 656 res
711 605 823 656 habeat:
836 622 937 672 quaeso
948 610 990 678 ob·

198 682 343 740 testorque
357 688 421 735 vos,
440 680 471 723 ut
484 679 590 724 attente
605 687 649 724 rne
663 671 796 733 audiatis,
811 673 874 723 dum
887 682 989 742 atquae
1048 703 1049 708 =

199 741 342 808 superiore
356 739 428 789 libro
445 741 565 790 tractato
580 739 838 802 sunt,;brevissime
856 750 948 807 repeto
965 747 992 791 et

198 807 280 858 huius
291 818 396 856 summa
406 805 499 872 capito
508 820 649 872 propono:
667 819 721 872 quo
732 803 842 856 inertius
852 821 885 856 ao
895 807 991 858 certius

125 921 131 926 ,
192 866 310 939 ipsimet
322 871 466 933 iudicetis,
485 871 674 923 fucumivobis
695 886 750 922 oon
760 872 835 932 lieri,
855 887 992 939 nequome

199 939 360 1006 quidquam,
375 938 449 1004 quod
459 941 641 1004 praestiturus
653 953 707 988 non
718 941 782 999 sini,
799 937 933 1005 polliceri.
953 955 955 960 ⁸
1048 957 1049 962 ¹

233 1003 300 1053 Cum
315 1004 401 1070 igitur
415 994 584 1056 rhetorioam
600 1005 756 1056 definiisset
763 1007 927 1058 Aristoteles
941 1007 994 1058 rim

172 1093 173 1098 ¹
198 1069 319 1132 ridendi,
333 1071 467 1138 quidquid
478 1073 506 1122 in
516 1086 625 1140 quoque
635 1085 666 1122 re
676 1071 912 1124 accommodatum
922 1084 997 1126 esset

199 1136 997 1206 adiidem'orationiiaoiemiam:eorum,quibusidorntor
1048 1187 1049 1192 ,

199 1205 331 1271 consequi
343 1211 447 1270 posset,
459 1205 514 1256 duo
525 1219 630 1273 genera
640 1219 702 1256 esse
711 1207 792 1258 dixit:
802 1221 884 1258 unum
893 1220 995 1272 eorum,

151 1315 153 1318 .
197 1285 268 1337 quae
279 1273 378 1324 totuin
388 1272 506 1324 dicentis
517 1273 635 1324 artiiioio
646 1273 739 1338 posito
753 1281 859 1335 esseut,
881 1273 996 1338 alterum
1048 1329 1049 1346 p

199 1351 305 1400 eorum,
317 1353 386 1407 quae
397 1345 583 1391 tractarentur
593 1338 705 1406 quidem
714 1339 748 1390 ab
760 1347 881 1402 oratore,
897 1339 946 1391 sed
957 1348 995 1390 ta-

197 1418 260 1457 men
271 1407 358 1475 ipsius
368 1407 481 1474 ingenio
492 1421 548 1457 non
557 1409 791 1474 excogitarentur.
806 1409 871 1458 Arte
879 1419 996 1472 suaper·
1048 1427 1049 1494 p

198 1472 282 1526 fluere
297 1473 381 1525 debet
395 1479 503 1537 orator,
517 1481 548 1524 ut
562 1473 736 1526 auditoribus
745 1475 788 1524 vir
797 1474 887 1526 bonus
897 1473 997 1524 lrabea-

197 1547 244 1590 tur
255 1543 351 1609 eisque
362 1540 478 1592 amicust
497 1555 554 1592 non
566 1543 639 1592 enim
649 1540 709 1609 fer'e
721 1542 865 1608 quisquam
876 1541 903 1590 ei
912 1539 999 1592 iaoile
1048 1591 1049 1602 ,

198 1607 302 1671 eredit,
320 1623 403 1674 quem
416 1614 464 1658 aut
482 1607 650 1660 malitiosum
670 1613 699 1659 et
716 1607 866 1669 fallacem,⁴
877 1614 925 1658 ont
942 1608 1001 1658 sibi

198 1687 295 1740 parum
314 1675 431 1725 amioum
451 1679 541 1740 putat3
572 1682 600 1726 et
617 1681 648 1726 ut
667 1676 695 1726 io
715 1688 811 1726 eorum
831 1674 930 1725 animis
951 1675 1001 1726 a'ut

198 1755 288 1808 spem,
303 1748 352 1792 aut
361 1746 476 1804 metum,
491 1747 539 1792 out
548 1743 632 1803 iram,
644 1749 692 1792 aut
701 1741 922 1794 misericordiam
934 1755 1000 1791 oon-

198 1809 275 1868 citet,
286 1810 392 1869 sintita,
403 1814 434 1858 ut
442 1822 498 1860 uno
508 1809 593 1860 verbo
604 1809 702 1870 diram,
714 1823 764 1860 eos
774 1809 885 1870 afliciat,
904 1821 1000 1876 qtrem-

198 1871 345 1935 admodum
357 1875 488 1940 expedire
499 1873 729 1943 intelligitadid,
749 1872 909 1942 quodvult,
931 1873 1002 1924 iani·
1048 1881 1049 1890 ¹

197 1937 252 1990 lius
263 1939 454 2006 obtinendum
475 1949 502 1994 et
512 1949 542 1993 ut
552 1944 581 1995 iu
591 1945 692 2010 ipsum,
709 1943 782 2008 quod
793 1941 913 2005 probare
931 1943 1002 2000 uult,

196 2005 355 2057 rationibus
374 2016 417 2058 et·
428 2012 598 2076 argumentis
624 2014 672 2059 aut
690 2008 862 2058 demonstret
885 2015 938 2058 aut
956 2009 1003 2059 sie-

197 2079 352 2123 monstrare
366 2073 501 2126 rideatur.
537 2077 578 2126 rid
591 2090 649 2126 rem
671 2068 916 2124 demonstrandum
933 2075 1003 2126 duo·

196 2137 248 2189 bus
268 2144 397 2205 tanquam
412 2141 606 2192 instrumentis
627 2140 729 2200 utitur,
748 2133 962 2203 enthymemate
979 2147 1004 2190 et

198 2204 338 2272 exemplo·
369 2203 583 2274 Enthymemata
597 2207 733 2258 ducuntur
752 2218 787 2255 ex
801 2202 1004 2258 verisimilibus

197 2279 227 2324 et
250 2285 285 2323 ex
307 2273 405 2342 signis.
438 2274 611 2326 verisimilia
632 2279 714 2324 vocat
738 2285 898 2324 communes
918 2289 1016 2340 quos--

197 2338 259 2390 dam
269 2342 422 2408 sententias
433 2343 467 2402 de
478 2341 575 2404 rebus,
596 2355 666 2408 quae
677 2347 809 2408 geruntur
822 2338 852 2390 in
861 2339 936 2400 vita,
956 2347 1008 2391 arnt

198 2408 320 2460 omnium
329 2408 561 2476 autplurim'orom
569 2409 674 2462 iudicio
682 2405 886 2476 comprobatas.
912 2405 1008 2474 Signo

198 2480 275 2537 suot,
290 2490 360 2542 quae
375 2483 424 2528 aut
436 2477 597 2529 necessario
613 2483 660 2528 aot
674 2475 857 2544 probabiliter
867 2481 1006 2540 arguunt,

196 2541 238 2593 ito
248 2557 320 2607 esse,
330 2545 490 2596 utdicimus.
506 2543 669 2613 Exemplum
679 2550 721 2596 est
730 2546 810 2597 unius
822 2544 869 2591 aut
878 2538 1008 2605 plurium

196 2623 290 2662 rerum
300 2612 433 2666 similium
441 2612 572 2674 collatio,
594 2612 735 2681 pertinens
746 2610 781 2661 od
790 2609 819 2660 id
832 2605 906 2673 quod
922 2607 1008 2658 volu-

197 2691 259 2730 mus
273 2680 515 2746 nomprobandum.
550 2681 659 2736 Horum
673 2680 793 2733 omnium
808 2677 835 2729 ri
854 2679 942 2756 atque
958 2687 1008 2724 na·
