<?xml version="1.0" encoding="UTF-8"?>
<!DOCTYPE html PUBLIC "-//W3C//DTD XHTML 1.0 Transitional//EN"
    "http://www.w3.org/TR/xhtml1/DTD/xhtml1-transitional.dtd">
<html xmlns="http://www.w3.org/1999/xhtml" xml:lang="en" lang="en">
 <head>
  <title>
</title>
<meta http-equiv="Content-Type" content="text/html;charset=utf-8" />
  <meta name='ocr-system' content='tesseract 3.04.00' />
  <meta name='ocr-capabilities' content='ocr_page ocr_carea ocr_par ocr_line ocrx_word'/>
</head>
<body>
  <div class='ocr_page' id='page_1' title='image "./mantoniimuretie01muregoog_0190.png"; bbox 0 0 2150 3012; ppageno 0'>
   <div class='ocr_carea' id='block_1_1' title="bbox 11 339 141 390">
    <p class='ocr_par' dir='ltr' id='par_1_1' title="bbox 11 339 141 390">
     <span class='ocr_line' id='line_1_1' title="bbox 11 339 141 390; baseline 0 0"><span class='ocrx_word' id='word_1_1' title='bbox 11 339 141 390; x_wconf 67' lang='lat' dir='ltr'>&#39;ab</span> 
     </span>
    </p>
   </div>
   <div class='ocr_carea' id='block_1_2' title="bbox 309 167 907 240">
    <p class='ocr_par' dir='ltr' id='par_1_2' title="bbox 309 167 907 240">
     <span class='ocr_line' id='line_1_2' title="bbox 309 167 907 240; baseline 0.002 -19"><span class='ocrx_word' id='word_1_2' title='bbox 309 230 314 240; x_wconf 10' lang='lat' dir='ltr'>q</span> <span class='ocrx_word' id='word_1_3' title='bbox 374 167 528 221; x_wconf 77' lang='lat' dir='ltr'>enarre</span> <span class='ocrx_word' id='word_1_4' title='bbox 548 167 636 222; x_wconf 73' lang='lat' dir='ltr'>xire·</span> <span class='ocrx_word' id='word_1_5' title='bbox 857 169 907 222; x_wconf 83' lang='lat' dir='ltr'>rra</span> 
     </span>
    </p>
   </div>
   <div class='ocr_carea' id='block_1_3' title="bbox 46 255 922 1202">
    <p class='ocr_par' dir='ltr' id='par_1_3' title="bbox 46 255 922 1202">
     <span class='ocr_line' id='line_1_3' title="bbox 106 255 908 388; baseline -0.004 -64"><span class='ocrx_word' id='word_1_6' title='bbox 106 269 242 388; x_wconf 76' lang='lat' dir='ltr'>¹ceqitatin</span> <span class='ocrx_word' id='word_1_7' title='bbox 254 255 444 336; x_wconf 79' lang='lat' dir='ltr'>cognationis,</span> <span class='ocrx_word' id='word_1_8' title='bbox 469 269 620 330; x_wconf 79' lang='lat' dir='ltr'>amicitiae,</span> <span class='ocrx_word' id='word_1_9' title='bbox 640 269 770 321; x_wconf 84' lang='lat' dir='ltr'>utilitatis</span> <span class='ocrx_word' id='word_1_10' title='bbox 784 269 908 336; x_wconf 61' lang='lat' dir='ltr'>privatae</span> 
     </span>
     <span class='ocr_line' id='line_1_4' title="bbox 161 335 907 402; baseline 0 -14"><span class='ocrx_word' id='word_1_11' title='bbox 161 349 204 388; x_wconf 83' lang='lat' dir='ltr'>rae</span> <span class='ocrx_word' id='word_1_12' title='bbox 215 337 417 396; x_wconf 75' lang='lat' dir='ltr'><strong>deliberatione</strong></span> <span class='ocrx_word' id='word_1_13' title='bbox 429 337 527 401; x_wconf 85' lang='lat' dir='ltr'>procul</span> <span class='ocrx_word' id='word_1_14' title='bbox 537 335 636 388; x_wconf 86' lang='lat' dir='ltr'>abesse</span> <span class='ocrx_word' id='word_1_15' title='bbox 646 336 737 397; x_wconf 85' lang='lat' dir='ltr'>debet,</span> <span class='ocrx_word' id='word_1_16' title='bbox 752 351 795 397; x_wconf 90' lang='lat' dir='ltr'>ne,</span> <span class='ocrx_word' id='word_1_17' title='bbox 812 337 907 402; x_wconf 85' lang='lat' dir='ltr'>siquis</span> 
     </span>
     <span class='ocr_line' id='line_1_5' title="bbox 104 403 922 470; baseline -0.006 -13"><span class='ocrx_word' id='word_1_18' title='bbox 104 407 147 457; x_wconf 89' lang='lat' dir='ltr'>lta</span> <span class='ocrx_word' id='word_1_19' title='bbox 157 405 279 470; x_wconf 81' lang='lat' dir='ltr'>eligitur,</span> <span class='ocrx_word' id='word_1_20' title='bbox 292 409 320 454; x_wconf 90' lang='lat' dir='ltr'>et</span> <span class='ocrx_word' id='word_1_21' title='bbox 328 405 398 468; x_wconf 88' lang='lat' dir='ltr'>ipse,</span> <span class='ocrx_word' id='word_1_22' title='bbox 410 403 473 453; x_wconf 91' lang='lat' dir='ltr'>dum</span> <span class='ocrx_word' id='word_1_23' title='bbox 484 403 609 470; x_wconf 78' lang='lat' dir='ltr'>erigitur,</span> <span class='ocrx_word' id='word_1_24' title='bbox 624 409 737 454; x_wconf 84' lang='lat' dir='ltr'>corruat</span> <span class='ocrx_word' id='word_1_25' title='bbox 747 407 775 452; x_wconf 89' lang='lat' dir='ltr'>et</span> <span class='ocrx_word' id='word_1_26' title='bbox 784 403 855 452; x_wconf 89' lang='lat' dir='ltr'>alies</span> <span class='ocrx_word' id='word_1_27' title='bbox 866 417 908 453; x_wconf 84' lang='lat' dir='ltr'>se·</span> <span class='ocrx_word' id='word_1_28' title='bbox 916 430 922 436; x_wconf 43' lang='lat' dir='ltr'>v·</span> 
     </span>
     <span class='ocr_line' id='line_1_6' title="bbox 106 469 907 535; baseline -0.005 -11"><span class='ocrx_word' id='word_1_29' title='bbox 106 487 169 524; x_wconf 88' lang='lat' dir='ltr'>cum</span> <span class='ocrx_word' id='word_1_30' title='bbox 184 471 213 519; x_wconf 94' lang='lat' dir='ltr'>in</span> <span class='ocrx_word' id='word_1_31' title='bbox 227 470 299 520; x_wconf 90' lang='lat' dir='ltr'>idem</span> <span class='ocrx_word' id='word_1_32' title='bbox 314 469 429 520; x_wconf 79' lang='lat' dir='ltr'>exitium</span> <span class='ocrx_word' id='word_1_33' title='bbox 443 469 609 535; x_wconf 87' lang='lat' dir='ltr'>praecipites</span> <span class='ocrx_word' id='word_1_34' title='bbox 620 469 719 520; x_wconf 81' lang='lat' dir='ltr'>trahat.</span> <span class='ocrx_word' id='word_1_35' title='bbox 756 469 907 534; x_wconf 82' lang='lat' dir='ltr'>Sinavigu·</span> 
     </span>
     <span class='ocr_line' id='line_1_7' title="bbox 54 535 906 602; baseline -0.001 -13"><span class='ocrx_word' id='word_1_36' title='bbox 54 535 57 538; x_wconf 77' lang='grc'><strong>’</strong></span> <span class='ocrx_word' id='word_1_37' title='bbox 105 538 164 590; x_wconf 90' lang='lat' dir='ltr'>turi</span> <span class='ocrx_word' id='word_1_38' title='bbox 188 537 222 587; x_wconf 90' lang='lat' dir='ltr'>de</span> <span class='ocrx_word' id='word_1_39' title='bbox 244 535 430 602; x_wconf 80' lang='lat' dir='ltr'>gubernatore</span> <span class='ocrx_word' id='word_1_40' title='bbox 455 535 532 586; x_wconf 83' lang='lat' dir='ltr'>navis</span> <span class='ocrx_word' id='word_1_41' title='bbox 556 536 686 602; x_wconf 82' lang='lat' dir='ltr'>eligenda</span> <span class='ocrx_word' id='word_1_42' title='bbox 707 535 906 596; x_wconf 66' lang='lat' dir='ltr'><strong>consultarent,</strong></span> 
     </span>
     <span class='ocr_line' id='line_1_8' title="bbox 105 601 907 670; baseline -0.004 -16"><span class='ocrx_word' id='word_1_43' title='bbox 105 617 187 656; x_wconf 88' lang='lat' dir='ltr'>nemo</span> <span class='ocrx_word' id='word_1_44' title='bbox 199 601 367 668; x_wconf 81' lang='lat' dir='ltr'>reperiretur</span> <span class='ocrx_word' id='word_1_45' title='bbox 377 615 464 669; x_wconf 85' lang='lat' dir='ltr'>usque</span> <span class='ocrx_word' id='word_1_46' title='bbox 475 615 508 652; x_wconf 89' lang='lat' dir='ltr'>ee</span> <span class='ocrx_word' id='word_1_47' title='bbox 519 602 703 670; x_wconf 83' lang='lat' dir='ltr'>improvidus,</span> <span class='ocrx_word' id='word_1_48' title='bbox 722 609 753 654; x_wconf 90' lang='lat' dir='ltr'>ut</span> <span class='ocrx_word' id='word_1_49' title='bbox 764 617 840 663; x_wconf 87' lang='lat' dir='ltr'>eum,</span> <span class='ocrx_word' id='word_1_50' title='bbox 851 601 907 668; x_wconf 34' lang='lat' dir='ltr'>,qui</span> 
     </span>
     <span class='ocr_line' id='line_1_9' title="bbox 105 668 906 735; baseline -0.002 -15"><span class='ocrx_word' id='word_1_51' title='bbox 105 671 161 722; x_wconf 88' lang='lat' dir='ltr'>sibi</span> <span class='ocrx_word' id='word_1_52' title='bbox 176 675 224 720; x_wconf 89' lang='lat' dir='ltr'>aut</span> <span class='ocrx_word' id='word_1_53' title='bbox 238 669 420 720; x_wconf 83' lang='lat' dir='ltr'>amicissimus</span> <span class='ocrx_word' id='word_1_54' title='bbox 436 674 484 718; x_wconf 89' lang='lat' dir='ltr'>aut</span> <span class='ocrx_word' id='word_1_55' title='bbox 499 669 633 735; x_wconf 81' lang='lat' dir='ltr'>sanguine</span> <span class='ocrx_word' id='word_1_56' title='bbox 654 668 906 730; x_wconf 80' lang='lat' dir='ltr'>coniunctissimus,</span> 
     </span>
     <span class='ocr_line' id='line_1_10' title="bbox 104 735 906 802; baseline -0.006 -13"><span class='ocrx_word' id='word_1_57' title='bbox 104 753 138 790; x_wconf 84' lang='lat' dir='ltr'>ac</span> <span class='ocrx_word' id='word_1_58' title='bbox 150 751 206 787; x_wconf 82' lang='lat' dir='ltr'>nrm</span> <span class='ocrx_word' id='word_1_59' title='bbox 217 751 277 786; x_wconf 90' lang='lat' dir='ltr'>eum</span> <span class='ocrx_word' id='word_1_60' title='bbox 287 736 393 800; x_wconf 86' lang='lat' dir='ltr'>potius,</span> <span class='ocrx_word' id='word_1_61' title='bbox 411 735 456 802; x_wconf 88' lang='lat' dir='ltr'>qui</span> <span class='ocrx_word' id='word_1_62' title='bbox 471 735 756 802; x_wconf 79' lang='lat' dir='ltr'>intelligentissimus,</span> <span class='ocrx_word' id='word_1_63' title='bbox 772 735 906 786; x_wconf 82' lang='lat' dir='ltr'>exercita·</span> 
     </span>
     <span class='ocr_line' id='line_1_11' title="bbox 104 801 922 868; baseline -0.005 -14"><span class='ocrx_word' id='word_1_64' title='bbox 104 804 228 855; x_wconf 84' lang='lat' dir='ltr'>tissimus</span> <span class='ocrx_word' id='word_1_65' title='bbox 240 808 323 862; x_wconf 87' lang='lat' dir='ltr'>esset,</span> <span class='ocrx_word' id='word_1_66' title='bbox 333 801 359 851; x_wconf 89' lang='lat' dir='ltr'>ei</span> <span class='ocrx_word' id='word_1_67' title='bbox 368 803 474 852; x_wconf 87' lang='lat' dir='ltr'>muneri</span> <span class='ocrx_word' id='word_1_68' title='bbox 485 802 599 868; x_wconf 85' lang='lat' dir='ltr'>praefici</span> <span class='ocrx_word' id='word_1_69' title='bbox 610 802 707 866; x_wconf 80' lang='lat' dir='ltr'>uellet3</span> <span class='ocrx_word' id='word_1_70' title='bbox 719 809 747 854; x_wconf 78' lang='lat' dir='ltr'>ei</span> <span class='ocrx_word' id='word_1_71' title='bbox 757 803 906 868; x_wconf 86' lang='lat' dir='ltr'>desiperet,</span> <span class='ocrx_word' id='word_1_72' title='bbox 918 824 922 844; x_wconf 86' lang='lat'>·.</span> 
     </span>
     <span class='ocr_line' id='line_1_12' title="bbox 106 867 907 937; baseline -0.007 -15"><span class='ocrx_word' id='word_1_73' title='bbox 106 871 131 922; x_wconf 90' lang='lat' dir='ltr'>si</span> <span class='ocrx_word' id='word_1_74' title='bbox 141 870 211 937; x_wconf 87' lang='lat' dir='ltr'>quis,</span> <span class='ocrx_word' id='word_1_75' title='bbox 221 870 250 919; x_wconf 91' lang='lat' dir='ltr'>in</span> <span class='ocrx_word' id='word_1_76' title='bbox 261 867 398 919; x_wconf 87' lang='lat' dir='ltr'>communi</span> <span class='ocrx_word' id='word_1_77' title='bbox 408 867 564 935; x_wconf 80' lang='lat' dir='ltr'>naufragio,</span> <span class='ocrx_word' id='word_1_78' title='bbox 576 868 776 934; x_wconf 84' lang='lat' dir='ltr'>quaesticulum</span> <span class='ocrx_word' id='word_1_79' title='bbox 786 868 907 933; x_wconf 84' lang='lat' dir='ltr'>aliquem</span> 
     </span>
     <span class='ocr_line' id='line_1_13' title="bbox 46 933 907 1001; baseline -0.007 -11"><span class='ocrx_word' id='word_1_80' title='bbox 46 965 56 971; x_wconf 93' lang='lat'><em>-</em></span> <span class='ocrx_word' id='word_1_81' title='bbox 106 952 186 990; x_wconf 86' lang='lat' dir='ltr'>suum</span> <span class='ocrx_word' id='word_1_82' title='bbox 206 934 260 986; x_wconf 81' lang='lat' dir='ltr'>s&#39;ibi</span> <span class='ocrx_word' id='word_1_83' title='bbox 278 934 383 986; x_wconf 78' lang='lat' dir='ltr'>salvum</span> <span class='ocrx_word' id='word_1_84' title='bbox 402 948 435 986; x_wconf 87' lang='lat' dir='ltr'>ae</span> <span class='ocrx_word' id='word_1_85' title='bbox 452 935 592 1001; x_wconf 88' lang='lat' dir='ltr'>proprium</span> <span class='ocrx_word' id='word_1_86' title='bbox 612 934 674 986; x_wconf 88' lang='lat' dir='ltr'>iere</span> <span class='ocrx_word' id='word_1_87' title='bbox 693 933 829 1001; x_wconf 62' lang='lat' dir='ltr'>putaret.&#39;¹</span> <span class='ocrx_word' id='word_1_88' title='bbox 847 933 907 986; x_wconf 84' lang='lat' dir='ltr'>lina</span> 
     </span>
     <span class='ocr_line' id='line_1_14' title="bbox 106 999 906 1070; baseline -0.003 -16"><span class='ocrx_word' id='word_1_89' title='bbox 106 1003 198 1066; x_wconf 85' lang='lat' dir='ltr'>nauis,</span> <span class='ocrx_word' id='word_1_90' title='bbox 213 1017 266 1070; x_wconf 91' lang='lat' dir='ltr'>qua</span> <span class='ocrx_word' id='word_1_91' title='bbox 275 1015 371 1052; x_wconf 88' lang='lat' dir='ltr'>omnes</span> <span class='ocrx_word' id='word_1_92' title='bbox 382 999 517 1064; x_wconf 85' lang='lat' dir='ltr'>vehimur,</span> <span class='ocrx_word' id='word_1_93' title='bbox 535 1003 653 1054; x_wconf 84' lang='lat' dir='ltr'>eeclesia</span> <span class='ocrx_word' id='word_1_94' title='bbox 667 1009 721 1063; x_wconf 81' lang='lat' dir='ltr'>eet,</span> <span class='ocrx_word' id='word_1_95' title='bbox 741 1015 811 1068; x_wconf 88' lang='lat' dir='ltr'>quae</span> <span class='ocrx_word' id='word_1_96' title='bbox 822 1015 906 1068; x_wconf 86' lang='lat' dir='ltr'>quan·</span> 
     </span>
     <span class='ocr_line' id='line_1_15' title="bbox 106 1068 906 1136; baseline -0.006 -14"><span class='ocrx_word' id='word_1_97' title='bbox 106 1071 144 1122; x_wconf 86' lang='lat' dir='ltr'>tis</span> <span class='ocrx_word' id='word_1_98' title='bbox 155 1068 208 1120; x_wconf 90' lang='lat' dir='ltr'>hoe</span> <span class='ocrx_word' id='word_1_99' title='bbox 218 1076 342 1136; x_wconf 88' lang='lat' dir='ltr'>tempere</span> <span class='ocrx_word' id='word_1_100' title='bbox 356 1068 490 1135; x_wconf 85' lang='lat' dir='ltr'>procellis</span> <span class='ocrx_word' id='word_1_101' title='bbox 504 1083 537 1118; x_wconf 88' lang='lat' dir='ltr'>ae</span> <span class='ocrx_word' id='word_1_102' title='bbox 549 1069 761 1134; x_wconf 82' lang='lat' dir='ltr'>tempestatibus</span> <span class='ocrx_word' id='word_1_103' title='bbox 775 1069 906 1134; x_wconf 83' lang='lat' dir='ltr'>agitetur,</span> 
     </span>
     <span class='ocr_line' id='line_1_16' title="bbox 107 1129 906 1202; baseline -0.005 -14"><span class='ocrx_word' id='word_1_104' title='bbox 107 1133 348 1190; x_wconf 82' lang='lat' dir='ltr'>nemenonvidet.</span> <span class='ocrx_word' id='word_1_105' title='bbox 368 1135 404 1185; x_wconf 77' lang='lat' dir='ltr'>lit</span> <span class='ocrx_word' id='word_1_106' title='bbox 414 1135 468 1184; x_wconf 87' lang='lat' dir='ltr'>erit</span> <span class='ocrx_word' id='word_1_107' title='bbox 478 1135 622 1200; x_wconf 87' lang='lat' dir='ltr'>quisquam</span> <span class='ocrx_word' id='word_1_108' title='bbox 631 1129 906 1202; x_wconf 80' lang='lat' dir='ltr'>itanonimprudene</span> 
     </span>
    </p>
   </div>
   <div class='ocr_carea' id='block_1_4' title="bbox 55 1200 990 1266">
    <p class='ocr_par' dir='ltr' id='par_1_4' title="bbox 55 1200 990 1266">
     <span class='ocr_line' id='line_1_17' title="bbox 55 1200 990 1266; baseline -0.005 -12"><span class='ocrx_word' id='word_1_109' title='bbox 55 1204 61 1216; x_wconf 72' lang='grc'><em>“</em></span> <span class='ocrx_word' id='word_1_110' title='bbox 107 1200 906 1266; x_wconf 73' lang='lat' dir='ltr'>niodo,sedinhumanusetimpiue,quiintantisperieu·</span> <span class='ocrx_word' id='word_1_111' title='bbox 988 1225 990 1228; x_wconf 94' lang='lat'>·</span> 
     </span>
    </p>
   </div>
   <div class='ocr_carea' id='block_1_5' title="bbox 106 1257 914 1532">
    <p class='ocr_par' dir='ltr' id='par_1_5' title="bbox 106 1257 914 1532">
     <span class='ocr_line' id='line_1_18' title="bbox 106 1257 905 1336; baseline -0.005 -16"><span class='ocrx_word' id='word_1_112' title='bbox 106 1271 143 1321; x_wconf 86' lang='lat' dir='ltr'>lis</span> <span class='ocrx_word' id='word_1_113' title='bbox 159 1264 285 1336; x_wconf 87' lang='lat' dir='ltr'>publicae</span> <span class='ocrx_word' id='word_1_114' title='bbox 300 1267 384 1316; x_wconf 89' lang='lat' dir='ltr'>saluti</span> <span class='ocrx_word' id='word_1_115' title='bbox 394 1279 427 1314; x_wconf 83' lang='lat' dir='ltr'>ue</span> <span class='ocrx_word' id='word_1_116' title='bbox 437 1265 631 1331; x_wconf 74' lang='lat' dir='ltr'>tranquIllitati</span> <span class='ocrx_word' id='word_1_117' title='bbox 641 1265 790 1332; x_wconf 85' lang='lat' dir='ltr'>quidquam</span> <span class='ocrx_word' id='word_1_118' title='bbox 800 1257 905 1316; x_wconf 74' lang='lat' dir='ltr'>antefe-</span> 
     </span>
     <span class='ocr_line' id='line_1_19' title="bbox 107 1329 914 1399; baseline -0.006 -12"><span class='ocrx_word' id='word_1_119' title='bbox 107 1337 223 1387; x_wconf 91' lang='lat' dir='ltr'>rendum</span> <span class='ocrx_word' id='word_1_120' title='bbox 237 1332 329 1399; x_wconf 73' lang='lat' dir='ltr'>puteti</span> <span class='ocrx_word' id='word_1_121' title='bbox 347 1329 481 1394; x_wconf 82' lang='lat' dir='ltr'>Exsulent</span> <span class='ocrx_word' id='word_1_122' title='bbox 490 1345 507 1382; x_wconf 87' lang='lat' dir='ltr'>a</span> <span class='ocrx_word' id='word_1_123' title='bbox 516 1331 616 1390; x_wconf 81' lang='lat' dir='ltr'>vestris</span> <span class='ocrx_word' id='word_1_124' title='bbox 627 1331 747 1385; x_wconf 87' lang='lat' dir='ltr'>omnium</span> <span class='ocrx_word' id='word_1_125' title='bbox 757 1332 854 1382; x_wconf 88' lang='lat' dir='ltr'>animis</span> <span class='ocrx_word' id='word_1_126' title='bbox 865 1338 914 1382; x_wconf 91' lang='lat' dir='ltr'>ta·-</span> 
     </span>
     <span class='ocr_line' id='line_1_20' title="bbox 106 1397 906 1463; baseline -0.009 -9"><span class='ocrx_word' id='word_1_127' title='bbox 106 1402 147 1454; x_wconf 84' lang='lat' dir='ltr'>lia</span> <span class='ocrx_word' id='word_1_128' title='bbox 157 1400 257 1461; x_wconf 91' lang='lat' dir='ltr'>omnia,</span> <span class='ocrx_word' id='word_1_129' title='bbox 269 1399 366 1450; x_wconf 87' lang='lat' dir='ltr'>Patres</span> <span class='ocrx_word' id='word_1_130' title='bbox 377 1397 524 1463; x_wconf 89' lang='lat' dir='ltr'>apllssimi,</span> <span class='ocrx_word' id='word_1_131' title='bbox 540 1399 642 1449; x_wconf 81' lang='lat' dir='ltr'>stallis</span> <span class='ocrx_word' id='word_1_132' title='bbox 654 1397 780 1450; x_wconf 87' lang='lat' dir='ltr'>omnibus</span> <span class='ocrx_word' id='word_1_133' title='bbox 791 1397 906 1448; x_wconf 85' lang='lat' dir='ltr'>eircum-</span> 
     </span>
     <span class='ocr_line' id='line_1_21' title="bbox 108 1463 906 1532; baseline -0.008 -13"><span class='ocrx_word' id='word_1_134' title='bbox 108 1467 175 1520; x_wconf 85' lang='lat' dir='ltr'>eisis</span> <span class='ocrx_word' id='word_1_135' title='bbox 186 1472 267 1532; x_wconf 87' lang='lat' dir='ltr'>utque</span> <span class='ocrx_word' id='word_1_136' title='bbox 279 1464 439 1530; x_wconf 86' lang='lat' dir='ltr'>amputatis,</span> <span class='ocrx_word' id='word_1_137' title='bbox 453 1479 488 1515; x_wconf 85' lang='lat' dir='ltr'>ea</span> <span class='ocrx_word' id='word_1_138' title='bbox 498 1465 640 1529; x_wconf 80' lang='lat' dir='ltr'>tantumin</span> <span class='ocrx_word' id='word_1_139' title='bbox 655 1464 750 1516; x_wconf 86' lang='lat' dir='ltr'>future</span> <span class='ocrx_word' id='word_1_140' title='bbox 760 1463 906 1526; x_wconf 78' lang='lat' dir='ltr'>Familiae,</span> 
     </span>
    </p>
   </div>
   <div class='ocr_carea' id='block_1_6' title="bbox 11 1524 982 1982">
    <p class='ocr_par' dir='ltr' id='par_1_6' title="bbox 11 1524 982 1982">
     <span class='ocr_line' id='line_1_22' title="bbox 128 1524 982 1597; baseline -0.002 -15"><span class='ocrx_word' id='word_1_141' title='bbox 128 1547 179 1583; x_wconf 86' lang='lat' dir='ltr'>nae</span> <span class='ocrx_word' id='word_1_142' title='bbox 198 1533 272 1583; x_wconf 88' lang='lat' dir='ltr'>bonu</span> <span class='ocrx_word' id='word_1_143' title='bbox 290 1530 418 1582; x_wconf 85' lang='lat' dir='ltr'>Pontifici</span> <span class='ocrx_word' id='word_1_144' title='bbox 439 1524 597 1582; x_wconf 77' lang='lat' dir='ltr'>necessaria</span> <span class='ocrx_word' id='word_1_145' title='bbox 616 1537 691 1592; x_wconf 89' lang='lat' dir='ltr'>sunt,</span> <span class='ocrx_word' id='word_1_146' title='bbox 720 1533 906 1597; x_wconf 84' lang='lat' dir='ltr'>requirantur.</span> <span class='ocrx_word' id='word_1_147' title='bbox 978 1585 982 1590; x_wconf 61' lang='grc'><strong><em>,</em></strong></span> 
     </span>
     <span class='ocr_line' id='line_1_23' title="bbox 106 1551 906 1668; baseline -0.005 -16"><span class='ocrx_word' id='word_1_148' title='bbox 106 1551 245 1667; x_wconf 48' lang='lat' dir='ltr'>diluentur·</span> <span class='ocrx_word' id='word_1_149' title='bbox 259 1604 350 1649; x_wconf 88' lang='lat' dir='ltr'>autem</span> <span class='ocrx_word' id='word_1_150' title='bbox 360 1596 479 1663; x_wconf 90' lang='lat' dir='ltr'>quinque</span> <span class='ocrx_word' id='word_1_151' title='bbox 496 1598 644 1668; x_wconf 85' lang='lat' dir='ltr'>praecipua</span> <span class='ocrx_word' id='word_1_152' title='bbox 655 1613 731 1660; x_wconf 86' lang='lat' dir='ltr'>esse,</span> <span class='ocrx_word' id='word_1_153' title='bbox 752 1611 821 1664; x_wconf 86' lang='lat' dir='ltr'>quae</span> <span class='ocrx_word' id='word_1_154' title='bbox 832 1597 861 1646; x_wconf 92' lang='lat' dir='ltr'>in</span> <span class='ocrx_word' id='word_1_155' title='bbox 871 1609 906 1648; x_wconf 88' lang='lat' dir='ltr'>eo</span> 
     </span>
     <span class='ocr_line' id='line_1_24' title="bbox 11 1663 907 1735; baseline -0.004 -18"><span class='ocrx_word' id='word_1_156' title='bbox 11 1693 13 1696; x_wconf 96' lang='lat'>·</span> <span class='ocrx_word' id='word_1_157' title='bbox 108 1663 907 1735; x_wconf 70' lang='lat' dir='ltr'>spectarioporteatmanetltasmerum,prudentia,doetri·</span> 
     </span>
     <span class='ocr_line' id='line_1_25' title="bbox 109 1729 907 1800; baseline -0.005 -15"><span class='ocrx_word' id='word_1_158' title='bbox 109 1750 153 1796; x_wconf 89' lang='lat' dir='ltr'>na,</span> <span class='ocrx_word' id='word_1_159' title='bbox 165 1734 275 1794; x_wconf 85' lang='lat' dir='ltr'>caritas,</span> <span class='ocrx_word' id='word_1_160' title='bbox 287 1730 366 1800; x_wconf 72' lang='lat' dir='ltr'>quae,</span> <span class='ocrx_word' id='word_1_161' title='bbox 376 1736 407 1781; x_wconf 94' lang='lat' dir='ltr'>ut</span> <span class='ocrx_word' id='word_1_162' title='bbox 416 1731 560 1782; x_wconf 85' lang='lat' dir='ltr'>verissime</span> <span class='ocrx_word' id='word_1_163' title='bbox 571 1729 836 1798; x_wconf 79' lang='lat' dir='ltr'>diuitdpestelus*),</span> <span class='ocrx_word' id='word_1_164' title='bbox 845 1737 907 1798; x_wconf 83' lang='lat' dir='ltr'>per·</span> 
     </span>
     <span class='ocr_line' id='line_1_26' title="bbox 107 1797 906 1863; baseline -0.006 -10"><span class='ocrx_word' id='word_1_165' title='bbox 107 1800 238 1854; x_wconf 75' lang='lat' dir='ltr'>iectionis</span> <span class='ocrx_word' id='word_1_166' title='bbox 257 1799 397 1850; x_wconf 86' lang='lat' dir='ltr'>vinculum</span> <span class='ocrx_word' id='word_1_167' title='bbox 416 1805 472 1859; x_wconf 88' lang='lat' dir='ltr'>est,</span> <span class='ocrx_word' id='word_1_168' title='bbox 490 1804 520 1848; x_wconf 92' lang='lat' dir='ltr'>et</span> <span class='ocrx_word' id='word_1_169' title='bbox 539 1799 701 1850; x_wconf 78' lang='lat' dir='ltr'>aucteritas.</span> <span class='ocrx_word' id='word_1_170' title='bbox 745 1798 788 1850; x_wconf 87' lang='lat' dir='ltr'>De</span> <span class='ocrx_word' id='word_1_171' title='bbox 807 1797 906 1863; x_wconf 74' lang='lat' dir='ltr'>quilius</span> 
     </span>
     <span class='ocr_line' id='line_1_27' title="bbox 12 1863 963 1982; baseline -0.003 -63"><span class='ocrx_word' id='word_1_172' title='bbox 12 1899 16 1906; x_wconf 91' lang='lat'><em>-</em></span> <span class='ocrx_word' id='word_1_173' title='bbox 106 1867 224 1934; x_wconf 85' lang='lat' dir='ltr'>singulis</span> <span class='ocrx_word' id='word_1_174' title='bbox 238 1867 298 1927; x_wconf 90' lang='lat' dir='ltr'>ubi,</span> <span class='ocrx_word' id='word_1_175' title='bbox 319 1879 400 1982; x_wconf 77' lang='lat' dir='ltr'>quam</span> <span class='ocrx_word' id='word_1_176' title='bbox 413 1863 576 1916; x_wconf 80' lang='lat' dir='ltr'>breuissime</span> <span class='ocrx_word' id='word_1_177' title='bbox 592 1866 781 1933; x_wconf 84' lang='lat' dir='ltr'>lieripeterit,</span> <span class='ocrx_word' id='word_1_178' title='bbox 798 1864 906 1928; x_wconf 81' lang='lat' dir='ltr'>dixero,</span> <span class='ocrx_word' id='word_1_179' title='bbox 960 1881 963 1887; x_wconf 75' lang='grc'><strong><em>’</em></strong></span> 
     </span>
    </p>
   </div>
   <div class='ocr_carea' id='block_1_7' title="bbox 104 1932 906 2202">
    <p class='ocr_par' dir='ltr' id='par_1_7' title="bbox 107 1932 428 1984">
     <span class='ocr_line' id='line_1_28' title="bbox 107 1932 428 1984; baseline 0 0"><span class='ocrx_word' id='word_1_180' title='bbox 107 1935 188 1984; x_wconf 84' lang='lat' dir='ltr'>finem</span> <span class='ocrx_word' id='word_1_181' title='bbox 200 1933 310 1984; x_wconf 85' lang='lat' dir='ltr'>dicendi</span> <span class='ocrx_word' id='word_1_182' title='bbox 332 1932 428 1984; x_wconf 85' lang='lat' dir='ltr'>aelam.</span> 
     </span>
    </p>

    <p class='ocr_par' dir='ltr' id='par_1_8' title="bbox 104 1995 906 2202">
     <span class='ocr_line' id='line_1_29' title="bbox 140 1995 906 2068; baseline 0 -18"><span class='ocrx_word' id='word_1_183' title='bbox 140 2000 259 2068; x_wconf 61' lang='lat' dir='ltr'>Plinium</span> <span class='ocrx_word' id='word_1_184' title='bbox 274 2001 360 2067; x_wconf 79' lang='lat' dir='ltr'>igitur</span> <span class='ocrx_word' id='word_1_185' title='bbox 377 1999 528 2066; x_wconf 86' lang='lat' dir='ltr'>requiritur</span> <span class='ocrx_word' id='word_1_186' title='bbox 541 2000 674 2052; x_wconf 83' lang='lat' dir='ltr'>sanctitas</span> <span class='ocrx_word' id='word_1_187' title='bbox 681 2013 799 2052; x_wconf 53' lang='lat' dir='ltr'>‘merum</span> <span class='ocrx_word' id='word_1_188' title='bbox 834 1995 906 2050; x_wconf 86' lang='lat' dir='ltr'>Nam</span> 
     </span>
     <span class='ocr_line' id='line_1_30' title="bbox 106 2065 903 2134; baseline -0.003 -16"><span class='ocrx_word' id='word_1_189' title='bbox 106 2069 221 2134; x_wconf 87' lang='lat' dir='ltr'>que&#39;ore</span> <span class='ocrx_word' id='word_1_190' title='bbox 233 2066 346 2118; x_wconf 86' lang='lat' dir='ltr'>audebit</span> <span class='ocrx_word' id='word_1_191' title='bbox 356 2065 448 2116; x_wconf 85' lang='lat' dir='ltr'>aliena</span> <span class='ocrx_word' id='word_1_192' title='bbox 462 2066 530 2117; x_wconf 81' lang='lat' dir='ltr'>vitia</span> <span class='ocrx_word' id='word_1_193' title='bbox 543 2065 760 2133; x_wconf 84' lang='lat' dir='ltr'>reprehendere,</span> <span class='ocrx_word' id='word_1_194' title='bbox 780 2065 828 2133; x_wconf 90' lang='lat' dir='ltr'>qui</span> <span class='ocrx_word' id='word_1_195' title='bbox 841 2066 903 2132; x_wconf 86' lang='lat' dir='ltr'>ipse</span> 
     </span>
     <span class='ocr_line' id='line_1_31' title="bbox 104 2131 905 2202; baseline -0.001 -19"><span class='ocrx_word' id='word_1_196' title='bbox 104 2135 224 2202; x_wconf 85' lang='lat' dir='ltr'>propriis</span> <span class='ocrx_word' id='word_1_197' title='bbox 235 2132 359 2184; x_wconf 83' lang='lat' dir='ltr'>madeatl</span> <span class='ocrx_word' id='word_1_198' title='bbox 380 2133 472 2194; x_wconf 76' lang='lat' dir='ltr'>Quare</span> <span class='ocrx_word' id='word_1_199' title='bbox 482 2135 507 2184; x_wconf 88' lang='lat' dir='ltr'>si</span> <span class='ocrx_word' id='word_1_200' title='bbox 518 2149 597 2200; x_wconf 88' lang='lat' dir='ltr'>quem</span> <span class='ocrx_word' id='word_1_201' title='bbox 608 2149 728 2196; x_wconf 82' lang='lat' dir='ltr'>avarum,</span> <span class='ocrx_word' id='word_1_202' title='bbox 743 2135 767 2184; x_wconf 84' lang='lat' dir='ltr'>si</span> <span class='ocrx_word' id='word_1_203' title='bbox 778 2131 905 2184; x_wconf 77' lang='lat' dir='ltr'>ambitie-</span> 
     </span>
    </p>
   </div>
   <div class='ocr_carea' id='block_1_8' title="bbox 11 2189 904 2267">
    <p class='ocr_par' dir='ltr' id='par_1_9' title="bbox 11 2189 904 2267">
     <span class='ocr_line' id='line_1_32' title="bbox 11 2189 904 2267; baseline -0.001 -17"><span class='ocrx_word' id='word_1_204' title='bbox 11 2189 13 2260; x_wconf 59' lang='grc' dir='ltr'><strong><em>ξ</em></strong></span> <span class='ocrx_word' id='word_1_205' title='bbox 105 2215 178 2261; x_wconf 84' lang='lat' dir='ltr'>eum,</span> <span class='ocrx_word' id='word_1_206' title='bbox 195 2201 219 2251; x_wconf 87' lang='lat' dir='ltr'>si</span> <span class='ocrx_word' id='word_1_207' title='bbox 230 2200 371 2252; x_wconf 85' lang='lat' dir='ltr'>crudelem</span> <span class='ocrx_word' id='word_1_208' title='bbox 381 2214 413 2251; x_wconf 86' lang='lat' dir='ltr'>ae</span> <span class='ocrx_word' id='word_1_209' title='bbox 423 2201 643 2267; x_wconf 82' lang='lat' dir='ltr'>sanguinarium,</span> <span class='ocrx_word' id='word_1_210' title='bbox 661 2203 685 2254; x_wconf 87' lang='lat' dir='ltr'>si</span> <span class='ocrx_word' id='word_1_211' title='bbox 694 2200 805 2256; x_wconf 84' lang='lat' dir='ltr'>libidini</span> <span class='ocrx_word' id='word_1_212' title='bbox 814 2214 847 2250; x_wconf 88' lang='lat' dir='ltr'>ae</span> <span class='ocrx_word' id='word_1_213' title='bbox 856 2211 904 2249; x_wconf 87' lang='lat' dir='ltr'>ve·</span> 
     </span>
    </p>
   </div>
   <div class='ocr_carea' id='block_1_9' title="bbox 103 2262 903 2666">
    <p class='ocr_par' dir='ltr' id='par_1_10' title="bbox 103 2262 903 2666">
     <span class='ocr_line' id='line_1_33' title="bbox 103 2262 903 2335; baseline -0.001 -19"><span class='ocrx_word' id='word_1_214' title='bbox 103 2267 204 2332; x_wconf 86' lang='lat' dir='ltr'>luptati</span> <span class='ocrx_word' id='word_1_215' title='bbox 222 2267 407 2334; x_wconf 85' lang='lat' dir='ltr'>mancipatum</span> <span class='ocrx_word' id='word_1_216' title='bbox 424 2267 530 2318; x_wconf 82' lang='lat' dir='ltr'>vixisse</span> <span class='ocrx_word' id='word_1_217' title='bbox 550 2275 705 2335; x_wconf 80' lang='lat' dir='ltr'>eonstaret,</span> <span class='ocrx_word' id='word_1_218' title='bbox 725 2270 785 2318; x_wconf 86' lang='lat' dir='ltr'>elus</span> <span class='ocrx_word' id='word_1_219' title='bbox 805 2280 839 2316; x_wconf 90' lang='lat' dir='ltr'>ne</span> <span class='ocrx_word' id='word_1_220' title='bbox 856 2262 903 2316; x_wconf 81' lang='lat' dir='ltr'>ha·</span> 
     </span>
     <span class='ocr_line' id='line_1_34' title="bbox 103 2331 902 2401; baseline -0.005 -17"><span class='ocrx_word' id='word_1_221' title='bbox 103 2333 311 2401; x_wconf 85' lang='lat' dir='ltr'>bendaquidem</span> <span class='ocrx_word' id='word_1_222' title='bbox 321 2334 392 2384; x_wconf 89' lang='lat' dir='ltr'>ratio</span> <span class='ocrx_word' id='word_1_223' title='bbox 401 2334 430 2384; x_wconf 88' lang='lat' dir='ltr'>ln</span> <span class='ocrx_word' id='word_1_224' title='bbox 440 2331 483 2384; x_wconf 86' lang='lat' dir='ltr'>his</span> <span class='ocrx_word' id='word_1_225' title='bbox 493 2336 678 2386; x_wconf 82' lang='lat' dir='ltr'>saerosanctis</span> <span class='ocrx_word' id='word_1_226' title='bbox 686 2333 808 2386; x_wconf 84' lang='lat' dir='ltr'>comitiis</span> <span class='ocrx_word' id='word_1_227' title='bbox 819 2339 902 2383; x_wconf 87' lang='lat' dir='ltr'>esset.</span> 
     </span>
     <span class='ocr_line' id='line_1_35' title="bbox 103 2397 903 2467; baseline -0.003 -18"><span class='ocrx_word' id='word_1_228' title='bbox 103 2401 208 2451; x_wconf 79' lang='lat' dir='ltr'>Avarus</span> <span class='ocrx_word' id='word_1_229' title='bbox 224 2399 352 2452; x_wconf 79' lang='lat' dir='ltr'>civitates</span> <span class='ocrx_word' id='word_1_230' title='bbox 368 2397 542 2462; x_wconf 80' lang='lat' dir='ltr'>exhauriret,</span> <span class='ocrx_word' id='word_1_231' title='bbox 560 2415 632 2452; x_wconf 83' lang='lat' dir='ltr'>neve</span> <span class='ocrx_word' id='word_1_232' title='bbox 652 2401 777 2467; x_wconf 87' lang='lat' dir='ltr'>quotidie</span> <span class='ocrx_word' id='word_1_233' title='bbox 792 2398 903 2465; x_wconf 88' lang='lat' dir='ltr'>populis</span> 
     </span>
     <span class='ocr_line' id='line_1_36' title="bbox 105 2463 902 2533; baseline -0.004 -16"><span class='ocrx_word' id='word_1_234' title='bbox 105 2481 191 2518; x_wconf 79' lang='lat' dir='ltr'>ariera</span> <span class='ocrx_word' id='word_1_235' title='bbox 200 2466 364 2532; x_wconf 86' lang='lat' dir='ltr'>imponeret,</span> <span class='ocrx_word' id='word_1_236' title='bbox 375 2481 456 2517; x_wconf 87' lang='lat' dir='ltr'>saera</span> <span class='ocrx_word' id='word_1_237' title='bbox 464 2481 497 2518; x_wconf 88' lang='lat' dir='ltr'>ae</span> <span class='ocrx_word' id='word_1_238' title='bbox 507 2465 625 2533; x_wconf 79' lang='lat' dir='ltr'>profana</span> <span class='ocrx_word' id='word_1_239' title='bbox 634 2469 727 2518; x_wconf 88' lang='lat' dir='ltr'>omnia</span> <span class='ocrx_word' id='word_1_240' title='bbox 736 2464 846 2518; x_wconf 82' lang='lat' dir='ltr'>venalia</span> <span class='ocrx_word' id='word_1_241' title='bbox 856 2463 902 2514; x_wconf 85' lang='lat' dir='ltr'>hu-</span> 
     </span>
     <span class='ocr_line' id='line_1_37' title="bbox 103 2532 902 2599; baseline -0.006 -15"><span class='ocrx_word' id='word_1_242' title='bbox 103 2534 195 2594; x_wconf 84' lang='lat' dir='ltr'>beret,</span> <span class='ocrx_word' id='word_1_243' title='bbox 212 2547 319 2586; x_wconf 87' lang='lat' dir='ltr'>emnem</span> <span class='ocrx_word' id='word_1_244' title='bbox 333 2532 531 2599; x_wconf 88' lang='lat' dir='ltr'>turpitudinem</span> <span class='ocrx_word' id='word_1_245' title='bbox 545 2533 738 2598; x_wconf 75' lang='lat' dir='ltr'>dengerendae</span> <span class='ocrx_word' id='word_1_246' title='bbox 748 2546 780 2582; x_wconf 86' lang='lat' dir='ltr'>ae</span> <span class='ocrx_word' id='word_1_247' title='bbox 791 2543 902 2580; x_wconf 86' lang='lat' dir='ltr'>coacer-</span> 
     </span>
     <span class='ocr_line' id='line_1_38' title="bbox 105 2597 902 2666; baseline -0.006 -16"><span class='ocrx_word' id='word_1_248' title='bbox 105 2601 211 2654; x_wconf 82' lang='lat' dir='ltr'>vandae</span> <span class='ocrx_word' id='word_1_249' title='bbox 221 2600 355 2666; x_wconf 80' lang='lat' dir='ltr'>pecuniae</span> <span class='ocrx_word' id='word_1_250' title='bbox 366 2614 466 2653; x_wconf 79' lang='lat' dir='ltr'>caussa</span> <span class='ocrx_word' id='word_1_251' title='bbox 475 2599 637 2665; x_wconf 79' lang='lat' dir='ltr'>susciperet,</span> <span class='ocrx_word' id='word_1_252' title='bbox 650 2597 719 2650; x_wconf 89' lang='lat' dir='ltr'>nihil</span> <span class='ocrx_word' id='word_1_253' title='bbox 726 2597 844 2663; x_wconf 88' lang='lat' dir='ltr'>amplum</span> <span class='ocrx_word' id='word_1_254' title='bbox 853 2601 902 2648; x_wconf 89' lang='lat' dir='ltr'>aut</span> 
     </span>
    </p>
   </div>
   <div class='ocr_carea' id='block_1_10' title="bbox 146 2676 405 2728">
    <p class='ocr_par' dir='ltr' id='par_1_11' title="bbox 146 2676 405 2728">
     <span class='ocr_line' id='line_1_39' title="bbox 146 2676 405 2728; baseline -0.019 -5"><span class='ocrx_word' id='word_1_255' title='bbox 146 2677 167 2728; x_wconf 82' lang='lat'>¹)</span> <span class='ocrx_word' id='word_1_256' title='bbox 179 2679 206 2722; x_wconf 80' lang='lat' dir='ltr'>ad</span> <span class='ocrx_word' id='word_1_257' title='bbox 219 2676 307 2722; x_wconf 78' lang='lat' dir='ltr'>Celeu-</span> <span class='ocrx_word' id='word_1_258' title='bbox 316 2678 361 2721; x_wconf 79' lang='lat'>111.</span> <span class='ocrx_word' id='word_1_259' title='bbox 373 2682 405 2720; x_wconf 75' lang='lat'>1⁴.</span> 
     </span>
    </p>
   </div>
   <div class='ocr_carea' id='block_1_11' title="bbox 0 0 1080 3012">
    <p class='ocr_par' dir='ltr' id='par_1_12' title="bbox 0 0 1080 3012">
     <span class='ocr_line' id='line_1_40' title="bbox 0 0 1080 3012; baseline 0 0"><span class='ocrx_word' id='word_1_260' title='bbox 0 0 1080 3012; x_wconf 95' lang='lat' dir='ltr'> </span> 
     </span>
    </p>
   </div>
  </div>
 </body>
</html>
