2120 3018
302 93 305 102 ’
347 132 500 186 ousrro
517 133 551 188 v.
569 133 619 188 vr.
845 144 880 198 so

76 237 130 288 bus
147 234 260 316 purgari
295 233 396 296 nsunt,
417 235 575 300 ostendisti3
593 242 635 300 tu,
651 239 880 306 quemadmodum

76 301 238 354 hominibus
248 301 283 352 ad
303 315 337 350 uc
346 300 374 361 in
383 306 459 352 terra
469 303 641 354 versantibus
653 305 802 363 coelestem
814 326 880 377 quo.

77 369 227 420 dammodo
247 367 331 418 ritem
350 367 443 418 rivere
457 367 555 431 liceat,
574 373 722 438 aperuisti3
741 379 771 424 tu
786 375 880 428 divina

76 441 142 486 cuna
165 433 305 495 humanis,
333 438 463 499 quantum
488 435 598 501 quidem
622 436 741 492 humano
764 441 878 510 ingenio

74 501 105 553 id
118 497 341 579 perficiopotnit,
361 499 511 566 copulasti3
529 507 560 552 tu
579 517 613 554 ea
632 501 785 570 tradidisti,
806 523 877 574 quae
949 525 952 530 ’
1053 499 1054 502 “

51 573 55 580 ’
73 583 140 628 nos,
153 582 217 628 nos,
227 580 349 632 rnquarn,
364 566 431 633 ipsi,
461 567 489 616 ui
500 583 517 618 a
526 565 587 620 Deo
598 585 649 636 per
662 572 748 627 filium
759 575 878 641 adopta·

30 681 32 686 .
74 636 96 686 ti
108 640 140 684 et
150 633 267 682 coelesti
278 631 405 682 doctrina
413 633 449 682 im
472 636 511 684 uti
524 651 630 700 sumus,
644 644 698 689 ate
709 641 762 690 dici
773 643 879 708 potuis·

74 715 108 751 se
128 700 268 750 miramur.
305 695 362 748 Sed
381 697 526 750 Platonem
550 701 662 754 laudare
686 719 802 760 neeesse
821 722 879 759 non

74 773 133 828 est3
153 765 245 816 danda
263 763 356 831 potius
378 779 464 830 opera
482 773 537 833 est,
555 775 586 819 ut
600 776 670 836 quae
682 771 731 824 ille
746 774 877 827 divinitus
902 813 907 816 -

34 873 36 878 .
74 833 205 898 scripsit,
226 843 426 896 cognoscamus
444 848 476 883 ac
495 849 703 903 consequamur.
739 841 827 908 Quam
841 841 877 892 ad

72 913 137 950 rem
153 899 178 948 si
192 897 238 947 cui
251 896 330 946 vobis
345 899 407 948 usui
416 914 505 950 meam
518 915 580 952 csse
595 918 678 969 posse
692 913 804 972 operam
818 921 876 959 cre·

74 965 160 1024 ditis,
184 964 255 1016 dabo
277 976 401 1028 operam,
421 967 493 1032 quod
507 967 535 1018 in
554 984 598 1020 sne
618 971 683 1034 erit,
703 988 737 1025 ne
758 991 877 1042 unquam

75 1037 174 1084 restra
182 1045 232 1083 rus
243 1029 277 1082 de
289 1043 332 1080 ure
343 1031 437 1098 opinio
447 1049 563 1100 prorsus
573 1031 709 1091 fefellisse
719 1041 854 1106 videatur.

379 1173 584 1192 Μ

114 1303 401 1376 ruennssunus
418 1325 661 1382 nxrnrannn
677 1330 716 1382 m.
734 1332 768 1384 r.
786 1330 837 1383 cr-

166 1401 342 1459 cnnonrs
360 1406 512 1463 aranos
528 1411 585 1463 os
603 1413 789 1467 orrrcus.

78 1507 111 1580 0
201 1509 233 1579 R
300 1509 336 1582 A
415 1511 445 1586 T
519 1517 537 1588 Ι
618 1517 649 1589 Ο
756 1517 800 1588 V‘
847 1517 876 1589 Ι.

164 1649 291 1694 rtrum
307 1652 421 1694 ROMAE
440 1657 491 1696 111.
509 1660 582 1698 NON.
600 1659 793 1702 novatianis

353 1737 373 1776 ΙΙ
392 1737 412 1776 D
434 1739 451 1776 [ι
469 1741 489 1779 X
507 1743 527 1780 Χ
547 1744 558 1781 1
577 1739 604 1781 V·

111 1803 318 1890 Decreveram
342 1839 395 1894 hoc
414 1858 485 1901 anno
508 1846 703 1912 pulcerrimum
722 1848 877 1912 consilium,
943 1901 949 1914 ,

79 1903 158 2020 pund
176 1920 247 1958 anno
267 1910 410 1972 superiore
422 1925 562 1978 ceperam,
582 1917 724 1984 persequi,
744 1925 773 1970 et
786 1918 883 1988 denuox

104 1971 229 2022 latonem
245 1987 306 2024 curu
321 1974 455 2028 Cicerone
471 1983 650 2050 coniungere,
669 1989 727 2035 turn
740 1991 771 2036 ut
784 1984 878 2036 adole·
965 1997 969 2002 ’

81 2042 192 2090 scentes
206 2039 234 2090 in
244 2038 338 2092 studio
350 2041 517 2098 Graecarum
532 2047 700 2112 litterarum,
714 2065 781 2118 quas
791 2051 877 2104 maxi·

80 2116 129 2152 nro
140 2118 200 2154 cunr
214 2106 300 2156 animi
313 2109 367 2159 mei
381 2111 479 2162 dolore
493 2127 658 2169 evanescere
671 2123 700 2168 et
711 2119 748 2170 acl
762 2117 876 2176 nihilum

47 2187 60 2225 ·,
81 2169 208 2236 recidere
238 2187 385 2240 secumque
414 2191 494 2230 omne
524 2179 704 2249 elegantioris
735 2184 877 2236 doctrinae

82 2249 170 2300 genus
189 2235 300 2291 trahere
313 2240 408 2304 video,
428 2259 478 2310 pro
491 2261 554 2298 mea
573 2251 645 2301 virili
664 2257 742 2318 parte
756 2253 878 2306 contine·

81 2315 153 2363 rem,
172 2309 229 2355 tum
249 2313 280 2356 ut
302 2308 491 2360 nobilissimus
510 2311 620 2378 philoso
641 2315 704 2382 hus,
723 2320 801 2371 cuius
814 2323 877 2380 ante

83 2381 125 2418 ure
137 2371 167 2422 ln
184 2369 227 2422 his
244 2370 348 2424 scholis
368 2392 517 2444 nunquam,
535 2386 566 2431 ut
585 2397 695 2448 opinor,
717 2384 811 2437 audita
823 2399 878 2434 vox

82 2441 157 2497 erut,
179 2436 321 2502 paullatim
342 2439 631 2510 familiarissimas,
654 2451 800 2500 uberrimis
820 2450 877 2500 illis

82 2504 237 2567 sapientiae
263 2511 291 2559 et
316 2507 492 2576 eloquentiae
521 2527 588 2562 suae
615 2515 738 2566 fontibus
766 2515 878 2580 ingenia

82 2575 178 2622 nostra
197 2573 338 2638 copiosius
359 2581 388 2626 et
409 2575 594 2628 abundantius
614 2581 753 2647 irrigaret.
788 2579 876 2630 Aliter

84 2634 170 2685 risum
182 2639 281 2702 estiis,
298 2654 413 2708 quorum
426 2647 495 2694 nutu
508 2650 592 2710 atque
605 2647 772 2700 auctoritate
787 2651 881 2698 nostre

115 2701 247 2758 Moser.
267 2707 366 2760 Oarr.
386 2708 420 2760 ll.
648 2712 675 2761 D
