<?xml version="1.0" encoding="UTF-8"?>
<!DOCTYPE html PUBLIC "-//W3C//DTD XHTML 1.0 Transitional//EN"
    "http://www.w3.org/TR/xhtml1/DTD/xhtml1-transitional.dtd">
<html xmlns="http://www.w3.org/1999/xhtml" xml:lang="en" lang="en">
 <head>
  <title>
</title>
<meta http-equiv="Content-Type" content="text/html;charset=utf-8" />
  <meta name='ocr-system' content='tesseract 3.04.00' />
  <meta name='ocr-capabilities' content='ocr_page ocr_carea ocr_par ocr_line ocrx_word'/>
</head>
<body>
  <div class='ocr_page' id='page_1' title='image "./mantoniimuretie01muregoog_0267.png"; bbox 0 0 2140 3010; ppageno 0'>
   <div class='ocr_carea' id='block_1_1' title="bbox 133 88 955 184">
    <p class='ocr_par' dir='ltr' id='par_1_1' title="bbox 133 88 955 184">
     <span class='ocr_line' id='line_1_1' title="bbox 133 88 955 184; baseline -0.001 -2"><span class='ocrx_word' id='word_1_1' title='bbox 133 127 231 184; x_wconf 41' lang='lat' dir='ltr'>*aas</span> <span class='ocrx_word' id='word_1_2' title='bbox 361 88 367 96; x_wconf 58' lang='grc'><em>’</em></span> <span class='ocrx_word' id='word_1_3' title='bbox 414 125 652 182; x_wconf 78' lang='lat' dir='ltr'>rnnarrmo</span> <span class='ocrx_word' id='word_1_4' title='bbox 670 127 738 183; x_wconf 89' lang='lat' dir='ltr'>vn.</span> <span class='ocrx_word' id='word_1_5' title='bbox 932 131 955 181; x_wconf 66' lang='grc'>’.</span> 
     </span>
    </p>
   </div>
   <div class='ocr_carea' id='block_1_2' title="bbox 104 227 988 562">
    <p class='ocr_par' dir='ltr' id='par_1_2' title="bbox 104 227 988 562">
     <span class='ocr_line' id='line_1_2' title="bbox 178 227 988 302; baseline 0.002 -18"><span class='ocrx_word' id='word_1_6' title='bbox 178 239 210 284; x_wconf 91' lang='lat' dir='ltr'>ut</span> <span class='ocrx_word' id='word_1_7' title='bbox 219 237 318 282; x_wconf 85' lang='lat' dir='ltr'>orator</span> <span class='ocrx_word' id='word_1_8' title='bbox 327 227 421 282; x_wconf 85' lang='lat' dir='ltr'>dicere</span> <span class='ocrx_word' id='word_1_9' title='bbox 427 229 537 292; x_wconf 84' lang='lat' dir='ltr'>debeat,</span> <span class='ocrx_word' id='word_1_10' title='bbox 548 231 678 298; x_wconf 77' lang='lat' dir='ltr'>quadrari</span> <span class='ocrx_word' id='word_1_11' title='bbox 689 231 779 302; x_wconf 87' lang='lat' dir='ltr'>possit</span> <span class='ocrx_word' id='word_1_12' title='bbox 789 231 920 297; x_wconf 83' lang='lat' dir='ltr'>circulus,</span> <span class='ocrx_word' id='word_1_13' title='bbox 930 247 988 286; x_wconf 70' lang='lat' dir='ltr'>nec&#39;</span> 
     </span>
     <span class='ocr_line' id='line_1_3' title="bbox 178 297 980 366; baseline 0 -14"><span class='ocrx_word' id='word_1_14' title='bbox 178 315 213 352; x_wconf 86' lang='lat' dir='ltr'>ne</span> <span class='ocrx_word' id='word_1_15' title='bbox 224 299 324 366; x_wconf 84' lang='lat' dir='ltr'>possit,</span> <span class='ocrx_word' id='word_1_16' title='bbox 334 306 383 349; x_wconf 86' lang='lat' dir='ltr'>aut</span> <span class='ocrx_word' id='word_1_17' title='bbox 393 299 494 365; x_wconf 87' lang='lat' dir='ltr'>ecquid</span> <span class='ocrx_word' id='word_1_18' title='bbox 503 298 588 350; x_wconf 85' lang='lat' dir='ltr'>ullam</span> <span class='ocrx_word' id='word_1_19' title='bbox 596 297 831 366; x_wconf 85' lang='lat' dir='ltr'>habeatquadrati</span> <span class='ocrx_word' id='word_1_20' title='bbox 839 300 913 352; x_wconf 86' lang='lat' dir='ltr'>latus</span> <span class='ocrx_word' id='word_1_21' title='bbox 921 317 980 352; x_wconf 90' lang='lat' dir='ltr'>cum</span> 
     </span>
     <span class='ocr_line' id='line_1_4' title="bbox 104 355 982 433; baseline 0.003 -16"><span class='ocrx_word' id='word_1_22' title='bbox 104 417 106 425; x_wconf 80' lang='grc'><em>,</em></span> <span class='ocrx_word' id='word_1_23' title='bbox 178 355 315 420; x_wconf 84' lang='lat' dir='ltr'>diametro</span> <span class='ocrx_word' id='word_1_24' title='bbox 334 366 562 433; x_wconf 64' lang='lat' dir='ltr'>proportionem?</span> <span class='ocrx_word' id='word_1_25' title='bbox 581 366 616 416; x_wconf 76' lang='lat' dir='ltr'>Aa</span> <span class='ocrx_word' id='word_1_26' title='bbox 636 364 706 418; x_wconf 85' lang='lat' dir='ltr'>haec</span> <span class='ocrx_word' id='word_1_27' title='bbox 720 367 782 433; x_wconf 87' lang='lat' dir='ltr'>ipsa</span> <span class='ocrx_word' id='word_1_28' title='bbox 797 367 824 417; x_wconf 84' lang='lat' dir='ltr'>si</span> <span class='ocrx_word' id='word_1_29' title='bbox 837 369 982 420; x_wconf 80' lang='lat' dir='ltr'>tractanda</span> 
     </span>
     <span class='ocr_line' id='line_1_5' title="bbox 177 432 981 499; baseline 0.002 -15"><span class='ocrx_word' id='word_1_30' title='bbox 177 434 346 498; x_wconf 75' lang='lat' dir='ltr'>susceperit,</span> <span class='ocrx_word' id='word_1_31' title='bbox 359 433 448 484; x_wconf 91' lang='lat' dir='ltr'>multo</span> <span class='ocrx_word' id='word_1_32' title='bbox 461 433 593 484; x_wconf 80' lang='lat' dir='ltr'><strong>tractabit</strong></span> <span class='ocrx_word' id='word_1_33' title='bbox 603 433 728 484; x_wconf 89' lang='lat' dir='ltr'>ornatius</span> <span class='ocrx_word' id='word_1_34' title='bbox 739 448 819 499; x_wconf 89' lang='lat' dir='ltr'>quam</span> <span class='ocrx_word' id='word_1_35' title='bbox 831 432 886 499; x_wconf 91' lang='lat' dir='ltr'>ipsi</span> <span class='ocrx_word' id='word_1_36' title='bbox 896 436 981 486; x_wconf 81' lang='lat' dir='ltr'>astiti-</span> 
     </span>
     <span class='ocr_line' id='line_1_6' title="bbox 177 498 981 562; baseline 0.005 -12"><span class='ocrx_word' id='word_1_37' title='bbox 177 515 224 551; x_wconf 83' lang='lat' dir='ltr'>ccs</span> <span class='ocrx_word' id='word_1_38' title='bbox 235 501 337 552; x_wconf 75' lang='lat' dir='ltr'>soient.</span> <span class='ocrx_word' id='word_1_39' title='bbox 371 500 443 554; x_wconf 85' lang='lat' dir='ltr'>Sanc</span> <span class='ocrx_word' id='word_1_40' title='bbox 452 514 527 552; x_wconf 84' lang='lat' dir='ltr'>vero.</span> <span class='ocrx_word' id='word_1_41' title='bbox 553 500 691 562; x_wconf 87' lang='lat' dir='ltr'>Mortuos,</span> <span class='ocrx_word' id='word_1_42' title='bbox 703 501 797 562; x_wconf 80' lang='lat' dir='ltr'>credo,</span> <span class='ocrx_word' id='word_1_43' title='bbox 809 498 944 552; x_wconf 78' lang='lat' dir='ltr'>excitabit</span> <span class='ocrx_word' id='word_1_44' title='bbox 953 510 981 554; x_wconf 83' lang='lat' dir='ltr'>et</span> 
     </span>
    </p>
   </div>
   <div class='ocr_carea' id='block_1_3' title="bbox 153 634 1011 967">
    <p class='ocr_par' dir='ltr' id='par_1_3' title="bbox 153 634 1011 967">
     <span class='ocr_line' id='line_1_7' title="bbox 177 634 979 700; baseline 0.001 -15"><span class='ocrx_word' id='word_1_45' title='bbox 177 634 979 700; x_wconf 80' lang='lat' dir='ltr'>etsimilitcrdesincotibuscanoramnumerosamquaeei-</span> 
     </span>
     <span class='ocr_line' id='line_1_8' title="bbox 176 700 979 766; baseline 0.001 -14"><span class='ocrx_word' id='word_1_46' title='bbox 176 701 253 754; x_wconf 86' lang='lat' dir='ltr'>ficiet</span> <span class='ocrx_word' id='word_1_47' title='bbox 263 703 426 764; x_wconf 79' lang='lat' dir='ltr'>orationem,</span> <span class='ocrx_word' id='word_1_48' title='bbox 437 700 586 766; x_wconf 77' lang='lat' dir='ltr'>facileque,</span> <span class='ocrx_word' id='word_1_49' title='bbox 594 702 618 752; x_wconf 91' lang='lat' dir='ltr'>si</span> <span class='ocrx_word' id='word_1_50' title='bbox 632 700 661 752; x_wconf 94' lang='lat' dir='ltr'>id</span> <span class='ocrx_word' id='word_1_51' title='bbox 669 700 763 752; x_wconf 83' lang='lat' dir='ltr'>iacere</span> <span class='ocrx_word' id='word_1_52' title='bbox 771 701 900 763; x_wconf 81' lang='lat' dir='ltr'>volucrit,</span> <span class='ocrx_word' id='word_1_53' title='bbox 912 701 979 754; x_wconf 84' lang='lat' dir='ltr'>cffu-</span> 
     </span>
     <span class='ocr_line' id='line_1_9' title="bbox 153 765 1011 836; baseline -0.003 -17"><span class='ocrx_word' id='word_1_54' title='bbox 153 823 159 832; x_wconf 76' lang='lat'><em>.</em></span> <span class='ocrx_word' id='word_1_55' title='bbox 175 769 236 835; x_wconf 81' lang='lat' dir='ltr'>giet</span> <span class='ocrx_word' id='word_1_56' title='bbox 246 769 357 820; x_wconf 77' lang='lat' dir='ltr'>ctrisus</span> <span class='ocrx_word' id='word_1_57' title='bbox 369 765 509 818; x_wconf 87' lang='lat' dir='ltr'>hominum</span> <span class='ocrx_word' id='word_1_58' title='bbox 521 774 550 818; x_wconf 83' lang='lat' dir='ltr'>ct</span> <span class='ocrx_word' id='word_1_59' title='bbox 559 768 684 819; x_wconf 83' lang='lat' dir='ltr'>insaniae</span> <span class='ocrx_word' id='word_1_60' title='bbox 695 767 805 819; x_wconf 82' lang='lat' dir='ltr'>famam.</span> <span class='ocrx_word' id='word_1_61' title='bbox 829 768 979 836; x_wconf 87' lang='lat' dir='ltr'>Consputa-</span> <span class='ocrx_word' id='word_1_62' title='bbox 1005 809 1011 816; x_wconf 96' lang='lat'>.</span> 
     </span>
     <span class='ocr_line' id='line_1_10' title="bbox 174 833 981 901; baseline 0.004 -17"><span class='ocrx_word' id='word_1_63' title='bbox 174 840 253 886; x_wconf 87' lang='lat' dir='ltr'>retur</span> <span class='ocrx_word' id='word_1_64' title='bbox 263 833 430 896; x_wconf 78' lang='lat' dir='ltr'>mehercule,</span> <span class='ocrx_word' id='word_1_65' title='bbox 435 834 580 898; x_wconf 87' lang='lat' dir='ltr'>utopinor,</span> <span class='ocrx_word' id='word_1_66' title='bbox 588 843 615 885; x_wconf 91' lang='lat' dir='ltr'>et</span> <span class='ocrx_word' id='word_1_67' title='bbox 626 835 700 886; x_wconf 88' lang='lat' dir='ltr'>saxis</span> <span class='ocrx_word' id='word_1_68' title='bbox 708 834 981 901; x_wconf 80' lang='lat' dir='ltr'>lutoquepeterctur,</span> 
     </span>
     <span class='ocr_line' id='line_1_11' title="bbox 175 901 981 967; baseline 0.001 -15"><span class='ocrx_word' id='word_1_69' title='bbox 175 902 200 952; x_wconf 89' lang='lat' dir='ltr'>si</span> <span class='ocrx_word' id='word_1_70' title='bbox 211 904 273 967; x_wconf 89' lang='lat' dir='ltr'>quis</span> <span class='ocrx_word' id='word_1_71' title='bbox 283 903 311 952; x_wconf 91' lang='lat' dir='ltr'>in</span> <span class='ocrx_word' id='word_1_72' title='bbox 322 914 428 951; x_wconf 89' lang='lat' dir='ltr'>corona</span> <span class='ocrx_word' id='word_1_73' title='bbox 438 901 590 952; x_wconf 76' lang='lat' dir='ltr'>tractandis</span> <span class='ocrx_word' id='word_1_74' title='bbox 606 901 744 960; x_wconf 78' lang='lat' dir='ltr'>eiusmodi</span> <span class='ocrx_word' id='word_1_75' title='bbox 755 901 838 952; x_wconf 86' lang='lat' dir='ltr'>rebus</span> <span class='ocrx_word' id='word_1_76' title='bbox 854 909 981 954; x_wconf 80' lang='lat' dir='ltr'>ornatum</span> 
     </span>
    </p>
   </div>
   <div class='ocr_carea' id='block_1_4' title="bbox 78 567 1060 629">
    <p class='ocr_par' dir='ltr' id='par_1_4' title="bbox 78 567 1060 629">
     <span class='ocr_line' id='line_1_12' title="bbox 78 567 1060 629; baseline 0.003 -12"><span class='ocrx_word' id='word_1_77' title='bbox 78 567 80 572; x_wconf 81' lang='grc'>’</span> <span class='ocrx_word' id='word_1_78' title='bbox 175 569 260 619; x_wconf 90' lang='lat' dir='ltr'>mutis</span> <span class='ocrx_word' id='word_1_79' title='bbox 271 569 354 620; x_wconf 86' lang='lat' dir='ltr'>rebus</span> <span class='ocrx_word' id='word_1_80' title='bbox 365 577 522 618; x_wconf 84' lang='lat' dir='ltr'>sermonem</span> <span class='ocrx_word' id='word_1_81' title='bbox 532 567 621 629; x_wconf 88' lang='lat' dir='ltr'>dabit,</span> <span class='ocrx_word' id='word_1_82' title='bbox 640 567 979 620; x_wconf 80' lang='lat' dir='ltr'>sisimilitercadcntibus</span> <span class='ocrx_word' id='word_1_83' title='bbox 1059 569 1060 612; x_wconf 83' lang='lat' dir='ltr'>i</span> 
     </span>
    </p>
   </div>
   <div class='ocr_carea' id='block_1_5' title="bbox 174 965 1057 1102">
    <p class='ocr_par' dir='ltr' id='par_1_5' title="bbox 174 965 1057 1102">
     <span class='ocr_line' id='line_1_13' title="bbox 176 965 1057 1032; baseline 0.005 -14"><span class='ocrx_word' id='word_1_84' title='bbox 176 967 263 1018; x_wconf 90' lang='lat' dir='ltr'>ullum</span> <span class='ocrx_word' id='word_1_85' title='bbox 273 965 407 1018; x_wconf 84' lang='lat' dir='ltr'>adhibere</span> <span class='ocrx_word' id='word_1_86' title='bbox 419 970 573 1020; x_wconf 83' lang='lat' dir='ltr'>oratorium</span> <span class='ocrx_word' id='word_1_87' title='bbox 583 969 676 1020; x_wconf 83' lang='lat' dir='ltr'>vellet.</span> <span class='ocrx_word' id='word_1_88' title='bbox 705 968 748 1020; x_wconf 82' lang='lat' dir='ltr'>D&#39;e</span> <span class='ocrx_word' id='word_1_89' title='bbox 756 969 848 1030; x_wconf 88' lang='lat' dir='ltr'>iustis,</span> <span class='ocrx_word' id='word_1_90' title='bbox 859 969 981 1032; x_wconf 75' lang='lat' dir='ltr'>iniustis,</span> <span class='ocrx_word' id='word_1_91' title='bbox 1056 999 1057 1026; x_wconf 74' lang='lat'>1</span> 
     </span>
     <span class='ocr_line' id='line_1_14' title="bbox 174 1033 1057 1102; baseline 0.005 -17"><span class='ocrx_word' id='word_1_92' title='bbox 174 1033 301 1094; x_wconf 84' lang='lat' dir='ltr'>utilibus,</span> <span class='ocrx_word' id='word_1_93' title='bbox 316 1033 470 1096; x_wconf 88' lang='lat' dir='ltr'>inutilibus,</span> <span class='ocrx_word' id='word_1_94' title='bbox 489 1033 625 1098; x_wconf 79' lang='lat' dir='ltr'>honestis,</span> <span class='ocrx_word' id='word_1_95' title='bbox 640 1036 767 1102; x_wconf 79' lang='lat' dir='ltr'>turpibus</span> <span class='ocrx_word' id='word_1_96' title='bbox 783 1035 876 1086; x_wconf 82' lang='lat' dir='ltr'>dicere</span> <span class='ocrx_word' id='word_1_97' title='bbox 887 1043 982 1088; x_wconf 87' lang='lat' dir='ltr'>orato·</span> <span class='ocrx_word' id='word_1_98' title='bbox 1044 1041 1057 1082; x_wconf 70' lang='lat'>·1</span> 
     </span>
    </p>
   </div>
   <div class='ocr_carea' id='block_1_6' title="bbox 173 1100 982 1301">
    <p class='ocr_par' dir='ltr' id='par_1_6' title="bbox 173 1100 982 1301">
     <span class='ocr_line' id='line_1_15' title="bbox 174 1100 982 1170; baseline 0.005 -18"><span class='ocrx_word' id='word_1_99' title='bbox 174 1101 216 1152; x_wconf 87' lang='lat' dir='ltr'>ris</span> <span class='ocrx_word' id='word_1_100' title='bbox 227 1100 349 1152; x_wconf 86' lang='lat' dir='ltr'>officium</span> <span class='ocrx_word' id='word_1_101' title='bbox 360 1107 424 1163; x_wconf 82' lang='lat' dir='ltr'>cst,</span> <span class='ocrx_word' id='word_1_102' title='bbox 437 1115 492 1152; x_wconf 74' lang='lat' dir='ltr'>ison</span> <span class='ocrx_word' id='word_1_103' title='bbox 503 1103 538 1154; x_wconf 89' lang='lat' dir='ltr'>de</span> <span class='ocrx_word' id='word_1_104' title='bbox 549 1103 691 1170; x_wconf 86' lang='lat' dir='ltr'>quadratis</span> <span class='ocrx_word' id='word_1_105' title='bbox 706 1110 734 1154; x_wconf 89' lang='lat' dir='ltr'>et</span> <span class='ocrx_word' id='word_1_106' title='bbox 743 1102 867 1163; x_wconf 86' lang='lat' dir='ltr'>circulis,</span> <span class='ocrx_word' id='word_1_107' title='bbox 883 1103 919 1154; x_wconf 87' lang='lat' dir='ltr'>de</span> <span class='ocrx_word' id='word_1_108' title='bbox 935 1119 982 1156; x_wconf 89' lang='lat' dir='ltr'>co·</span> 
     </span>
     <span class='ocr_line' id='line_1_16' title="bbox 173 1168 980 1238; baseline 0.006 -20"><span class='ocrx_word' id='word_1_109' title='bbox 173 1168 218 1224; x_wconf 84' lang='lat' dir='ltr'>nis</span> <span class='ocrx_word' id='word_1_110' title='bbox 230 1173 259 1218; x_wconf 87' lang='lat' dir='ltr'>ct</span> <span class='ocrx_word' id='word_1_111' title='bbox 268 1169 459 1235; x_wconf 83' lang='lat' dir='ltr'>pyramidibus</span> <span class='ocrx_word' id='word_1_112' title='bbox 473 1169 624 1236; x_wconf 83' lang='lat' dir='ltr'>disputare.</span> <span class='ocrx_word' id='word_1_113' title='bbox 660 1169 756 1238; x_wconf 77' lang='lat' dir='ltr'>ltaque</span> <span class='ocrx_word' id='word_1_114' title='bbox 770 1170 912 1236; x_wconf 80' lang='lat' dir='ltr'>praeclare</span> <span class='ocrx_word' id='word_1_115' title='bbox 921 1172 980 1223; x_wconf 80' lang='lat' dir='ltr'>Ari-</span> 
     </span>
     <span class='ocr_line' id='line_1_17' title="bbox 175 1235 982 1301; baseline 0.006 -16"><span class='ocrx_word' id='word_1_116' title='bbox 175 1235 348 1298; x_wconf 70' lang='lat' dir='ltr'>stoteles,ut</span> <span class='ocrx_word' id='word_1_117' title='bbox 357 1236 441 1298; x_wconf 92' lang='lat' dir='ltr'>solet,</span> <span class='ocrx_word' id='word_1_118' title='bbox 458 1235 628 1298; x_wconf 83' lang='lat' dir='ltr'>Rhetoricen</span> <span class='ocrx_word' id='word_1_119' title='bbox 636 1237 665 1287; x_wconf 91' lang='lat' dir='ltr'>in</span> <span class='ocrx_word' id='word_1_120' title='bbox 675 1238 710 1287; x_wconf 88' lang='lat' dir='ltr'>iis</span> <span class='ocrx_word' id='word_1_121' title='bbox 721 1237 804 1288; x_wconf 88' lang='lat' dir='ltr'>modo</span> <span class='ocrx_word' id='word_1_122' title='bbox 815 1237 921 1298; x_wconf 78' lang='lat' dir='ltr'>versari</span> <span class='ocrx_word' id='word_1_123' title='bbox 931 1241 982 1301; x_wconf 82' lang='lat' dir='ltr'>ait,</span> 
     </span>
    </p>
   </div>
   <div class='ocr_carea' id='block_1_7' title="bbox 114 1293 1056 1372">
    <p class='ocr_par' dir='ltr' id='par_1_7' title="bbox 114 1293 1056 1372">
     <span class='ocr_line' id='line_1_18' title="bbox 114 1293 1056 1372; baseline 0.002 -18"><span class='ocrx_word' id='word_1_124' title='bbox 114 1318 117 1322; x_wconf 75' lang='grc'><em>’</em></span> <span class='ocrx_word' id='word_1_125' title='bbox 174 1319 208 1354; x_wconf 79' lang='grc' dir='ltr'>πε</span> <span class='ocrx_word' id='word_1_126' title='bbox 227 1293 282 1357; x_wconf 76' lang='lat' dir='ltr'>ioir</span> <span class='ocrx_word' id='word_1_127' title='bbox 291 1303 429 1369; x_wconf 65' lang='grc' dir='ltr'><strong><em>τέχναςιμὴ</em></strong></span> <span class='ocrx_word' id='word_1_128' title='bbox 439 1305 542 1366; x_wconf 77' lang='grc' dir='ltr'><em>ἔχομεν,</em></span> <span class='ocrx_word' id='word_1_129' title='bbox 558 1304 601 1359; x_wconf 73' lang='grc' dir='ltr'>καὶ</span> <span class='ocrx_word' id='word_1_130' title='bbox 611 1295 926 1372; x_wconf 70' lang='lat' dir='ltr'>nrpioirfiouieodusdu:</span> <span class='ocrx_word' id='word_1_131' title='bbox 943 1305 981 1356; x_wconf 86' lang='lat' dir='ltr'>iis</span> <span class='ocrx_word' id='word_1_132' title='bbox 1055 1359 1056 1362; x_wconf 56' lang='grc'>,</span> 
     </span>
    </p>
   </div>
   <div class='ocr_carea' id='block_1_8' title="bbox 174 1320 982 1641">
    <p class='ocr_par' dir='ltr' id='par_1_8' title="bbox 174 1320 982 1641">
     <span class='ocr_line' id='line_1_19' title="bbox 174 1320 981 1444; baseline 0.002 -24"><span class='ocrx_word' id='word_1_133' title='bbox 174 1320 309 1423; x_wconf 78' lang='lat' dir='ltr'>ritielicet</span> <span class='ocrx_word' id='word_1_134' title='bbox 318 1371 346 1422; x_wconf 91' lang='lat' dir='ltr'>in</span> <span class='ocrx_word' id='word_1_135' title='bbox 356 1371 453 1432; x_wconf 87' lang='lat' dir='ltr'>rebus,</span> <span class='ocrx_word' id='word_1_136' title='bbox 469 1385 540 1437; x_wconf 87' lang='lat' dir='ltr'>quac</span> <span class='ocrx_word' id='word_1_137' title='bbox 549 1377 614 1421; x_wconf 90' lang='lat' dir='ltr'>sunt</span> <span class='ocrx_word' id='word_1_138' title='bbox 624 1372 652 1422; x_wconf 91' lang='lat' dir='ltr'>in</span> <span class='ocrx_word' id='word_1_139' title='bbox 664 1372 802 1423; x_wconf 83' lang='lat' dir='ltr'>communi</span> <span class='ocrx_word' id='word_1_140' title='bbox 813 1371 931 1444; x_wconf 75' lang='lat' dir='ltr'>quadarn</span> <span class='ocrx_word' id='word_1_141' title='bbox 941 1373 981 1422; x_wconf 90' lang='lat' dir='ltr'>in-</span> 
     </span>
     <span class='ocr_line' id='line_1_20' title="bbox 174 1437 982 1506; baseline 0.002 -18"><span class='ocrx_word' id='word_1_142' title='bbox 174 1437 334 1504; x_wconf 84' lang='lat' dir='ltr'>telligentia</span> <span class='ocrx_word' id='word_1_143' title='bbox 343 1437 465 1503; x_wconf 86' lang='lat' dir='ltr'>positae,</span> <span class='ocrx_word' id='word_1_144' title='bbox 487 1443 515 1487; x_wconf 90' lang='lat' dir='ltr'>et</span> <span class='ocrx_word' id='word_1_145' title='bbox 526 1437 670 1504; x_wconf 88' lang='lat' dir='ltr'>dequibus</span> <span class='ocrx_word' id='word_1_146' title='bbox 683 1453 763 1490; x_wconf 88' lang='lat' dir='ltr'>nemo</span> <span class='ocrx_word' id='word_1_147' title='bbox 775 1445 832 1502; x_wconf 87' lang='lat' dir='ltr'>est,</span> <span class='ocrx_word' id='word_1_148' title='bbox 852 1441 900 1506; x_wconf 88' lang='lat' dir='ltr'>qui</span> <span class='ocrx_word' id='word_1_149' title='bbox 914 1455 982 1502; x_wconf 88' lang='lat' dir='ltr'>oon,</span> 
     </span>
     <span class='ocr_line' id='line_1_21' title="bbox 175 1504 981 1572; baseline 0.004 -18"><span class='ocrx_word' id='word_1_150' title='bbox 175 1511 277 1556; x_wconf 73' lang='lat' dir='ltr'>aratura</span> <span class='ocrx_word' id='word_1_151' title='bbox 293 1504 376 1563; x_wconf 86' lang='lat' dir='ltr'>duce,</span> <span class='ocrx_word' id='word_1_152' title='bbox 397 1510 536 1571; x_wconf 84' lang='lat' dir='ltr'>utcunque</span> <span class='ocrx_word' id='word_1_153' title='bbox 553 1505 679 1556; x_wconf 80' lang='lat' dir='ltr'>indicano</span> <span class='ocrx_word' id='word_1_154' title='bbox 698 1521 728 1557; x_wconf 88' lang='lat' dir='ltr'>sc</span> <span class='ocrx_word' id='word_1_155' title='bbox 747 1521 830 1572; x_wconf 84' lang='lat' dir='ltr'>possa</span> <span class='ocrx_word' id='word_1_156' title='bbox 849 1505 981 1559; x_wconf 83' lang='lat' dir='ltr'>confidat.</span> 
     </span>
     <span class='ocr_line' id='line_1_22' title="bbox 175 1569 982 1641; baseline 0.005 -21"><span class='ocrx_word' id='word_1_157' title='bbox 175 1570 243 1622; x_wconf 76' lang='lat' dir='ltr'>Hoc</span> <span class='ocrx_word' id='word_1_158' title='bbox 256 1571 329 1622; x_wconf 88' lang='lat' dir='ltr'>enim</span> <span class='ocrx_word' id='word_1_159' title='bbox 344 1571 425 1637; x_wconf 88' lang='lat' dir='ltr'>piane</span> <span class='ocrx_word' id='word_1_160' title='bbox 439 1569 508 1622; x_wconf 90' lang='lat' dir='ltr'>mihi</span> <span class='ocrx_word' id='word_1_161' title='bbox 521 1573 633 1638; x_wconf 80' lang='lat' dir='ltr'>quidam</span> <span class='ocrx_word' id='word_1_162' title='bbox 647 1573 766 1624; x_wconf 83' lang='lat' dir='ltr'>innuero</span> <span class='ocrx_word' id='word_1_163' title='bbox 776 1573 898 1641; x_wconf 84' lang='lat' dir='ltr'>videtur,</span> <span class='ocrx_word' id='word_1_164' title='bbox 917 1571 982 1624; x_wconf 82' lang='lat' dir='ltr'>cum</span> 
     </span>
    </p>
   </div>
   <div class='ocr_carea' id='block_1_9' title="bbox 174 1637 985 1763">
    <p class='ocr_par' dir='ltr' id='par_1_9' title="bbox 174 1637 985 1763">
     <span class='ocr_line' id='line_1_23' title="bbox 174 1637 985 1763; baseline 0.005 -77"><span class='ocrx_word' id='word_1_165' title='bbox 174 1637 327 1699; x_wconf 46' lang='lat' dir='ltr'>sibillam</span> <span class='ocrx_word' id='word_1_166' title='bbox 348 1653 411 1688; x_wconf 81' lang='lat' dir='ltr'>essa</span> <span class='ocrx_word' id='word_1_167' title='bbox 432 1639 493 1763; x_wconf 53' lang='lat' dir='ltr'>mil</span> <span class='ocrx_word' id='word_1_168' title='bbox 510 1637 648 1702; x_wconf 73' lang='grc' dir='ltr'>τοιούτων,</span> <span class='ocrx_word' id='word_1_169' title='bbox 673 1637 693 1691; x_wconf 78' lang='grc' dir='ltr'><strong><em>ἃ</em></strong></span> <span class='ocrx_word' id='word_1_170' title='bbox 711 1638 784 1691; x_wconf 67' lang='grc' dir='ltr'><strong><em>κοινὰ</em></strong></span> <span class='ocrx_word' id='word_1_171' title='bbox 802 1638 905 1709; x_wconf 74' lang='grc' dir='ltr'><strong><em>τρόπον</em></strong></span> <span class='ocrx_word' id='word_1_172' title='bbox 921 1639 985 1690; x_wconf 66' lang='grc' dir='ltr'>τινὰ</span> 
     </span>
    </p>
   </div>
   <div class='ocr_carea' id='block_1_10' title="bbox 175 1699 984 1774">
    <p class='ocr_par' dir='ltr' id='par_1_10' title="bbox 175 1699 984 1774">
     <span class='ocr_line' id='line_1_24' title="bbox 175 1699 984 1774; baseline 0.01 -22"><span class='ocrx_word' id='word_1_173' title='bbox 175 1699 302 1756; x_wconf 73' lang='grc' dir='ltr'><em>ἁπάντων</em></span> <span class='ocrx_word' id='word_1_174' title='bbox 314 1703 368 1754; x_wconf 78' lang='grc' dir='ltr'>ἐστὶ</span> <span class='ocrx_word' id='word_1_175' title='bbox 387 1706 466 1774; x_wconf 70' lang='lat' dir='ltr'>propi</span> <span class='ocrx_word' id='word_1_176' title='bbox 482 1724 527 1757; x_wconf 80' lang='grc' dir='ltr'>ειν.</span> <span class='ocrx_word' id='word_1_177' title='bbox 562 1705 684 1770; x_wconf 75' lang='lat' dir='ltr'>Deinde,</span> <span class='ocrx_word' id='word_1_178' title='bbox 704 1711 729 1759; x_wconf 88' lang='lat' dir='ltr'>si</span> <span class='ocrx_word' id='word_1_179' title='bbox 742 1709 861 1759; x_wconf 78' lang='lat' dir='ltr'>maxime</span> <span class='ocrx_word' id='word_1_180' title='bbox 874 1710 984 1760; x_wconf 78' lang='lat' dir='ltr'>oratori</span> 
     </span>
    </p>
   </div>
   <div class='ocr_carea' id='block_1_11' title="bbox 174 1771 1051 1840">
    <p class='ocr_par' dir='ltr' id='par_1_11' title="bbox 174 1771 1051 1840">
     <span class='ocr_line' id='line_1_25' title="bbox 174 1771 1051 1840; baseline 0.01 -20"><span class='ocrx_word' id='word_1_181' title='bbox 174 1771 304 1822; x_wconf 85' lang='lat' dir='ltr'>accidere</span> <span class='ocrx_word' id='word_1_182' title='bbox 318 1771 457 1823; x_wconf 85' lang='lat' dir='ltr'>interdum</span> <span class='ocrx_word' id='word_1_183' title='bbox 473 1787 556 1840; x_wconf 87' lang='lat' dir='ltr'>posse</span> <span class='ocrx_word' id='word_1_184' title='bbox 570 1773 720 1834; x_wconf 82' lang='lat' dir='ltr'>fateamur,</span> <span class='ocrx_word' id='word_1_185' title='bbox 739 1777 781 1826; x_wconf 88' lang='lat' dir='ltr'>uti</span> <span class='ocrx_word' id='word_1_186' title='bbox 795 1776 830 1826; x_wconf 85' lang='lat' dir='ltr'>iis</span> <span class='ocrx_word' id='word_1_187' title='bbox 847 1774 880 1825; x_wconf 93' lang='lat' dir='ltr'>dc</span> <span class='ocrx_word' id='word_1_188' title='bbox 895 1773 983 1826; x_wconf 82' lang='lat' dir='ltr'>rebus</span> <span class='ocrx_word' id='word_1_189' title='bbox 1049 1818 1051 1829; x_wconf 93' lang='lat'><em>.</em></span> 
     </span>
    </p>
   </div>
   <div class='ocr_carea' id='block_1_12' title="bbox 148 1837 984 2444">
    <p class='ocr_par' dir='ltr' id='par_1_12' title="bbox 148 1837 984 2444">
     <span class='ocr_line' id='line_1_26' title="bbox 173 1837 984 1909; baseline 0.007 -23"><span class='ocrx_word' id='word_1_190' title='bbox 173 1837 323 1888; x_wconf 75' lang='lat' dir='ltr'>verborum</span> <span class='ocrx_word' id='word_1_191' title='bbox 334 1839 442 1906; x_wconf 87' lang='lat' dir='ltr'>aliquid</span> <span class='ocrx_word' id='word_1_192' title='bbox 450 1838 548 1904; x_wconf 85' lang='lat' dir='ltr'>iaciat,</span> <span class='ocrx_word' id='word_1_193' title='bbox 563 1855 634 1909; x_wconf 86' lang='lat' dir='ltr'>quae</span> <span class='ocrx_word' id='word_1_194' title='bbox 645 1841 681 1892; x_wconf 87' lang='lat' dir='ltr'>ad</span> <span class='ocrx_word' id='word_1_195' title='bbox 691 1841 761 1892; x_wconf 86' lang='lat' dir='ltr'>alias</span> <span class='ocrx_word' id='word_1_196' title='bbox 772 1841 922 1892; x_wconf 79' lang='lat' dir='ltr'>facultates</span> <span class='ocrx_word' id='word_1_197' title='bbox 932 1849 984 1894; x_wconf 84' lang='lat' dir='ltr'>aut</span> 
     </span>
     <span class='ocr_line' id='line_1_27' title="bbox 173 1903 983 1973; baseline 0.009 -20"><span class='ocrx_word' id='word_1_198' title='bbox 173 1903 337 1967; x_wconf 82' lang='lat' dir='ltr'>scientius*)</span> <span class='ocrx_word' id='word_1_199' title='bbox 350 1908 502 1973; x_wconf 77' lang='lat' dir='ltr'>pertinent,</span> <span class='ocrx_word' id='word_1_200' title='bbox 518 1914 675 1958; x_wconf 86' lang='lat' dir='ltr'>nontamen</span> <span class='ocrx_word' id='word_1_201' title='bbox 687 1922 766 1960; x_wconf 83' lang='lat' dir='ltr'>exeo</span> <span class='ocrx_word' id='word_1_202' title='bbox 779 1909 927 1968; x_wconf 83' lang='lat' dir='ltr'>efficietur,</span> <span class='ocrx_word' id='word_1_203' title='bbox 949 1915 983 1960; x_wconf 89' lang='lat' dir='ltr'>ut</span> 
     </span>
     <span class='ocr_line' id='line_1_28' title="bbox 148 1969 981 2028; baseline 0.011 -9"><span class='ocrx_word' id='word_1_204' title='bbox 148 1992 150 1996; x_wconf 94' lang='lat'>·</span> <span class='ocrx_word' id='word_1_205' title='bbox 173 1969 208 2020; x_wconf 88' lang='lat' dir='ltr'>ad</span> <span class='ocrx_word' id='word_1_206' title='bbox 230 1973 350 2026; x_wconf 85' lang='lat' dir='ltr'>oratoris</span> <span class='ocrx_word' id='word_1_207' title='bbox 365 1988 465 2025; x_wconf 80' lang='lat' dir='ltr'>nouren</span> <span class='ocrx_word' id='word_1_208' title='bbox 480 1975 611 2026; x_wconf 86' lang='lat' dir='ltr'>tuendum</span> <span class='ocrx_word' id='word_1_209' title='bbox 628 1973 789 2024; x_wconf 86' lang='lat' dir='ltr'>necessaria</span> <span class='ocrx_word' id='word_1_210' title='bbox 806 1974 844 2022; x_wconf 90' lang='lat' dir='ltr'>sit</span> <span class='ocrx_word' id='word_1_211' title='bbox 857 1975 981 2028; x_wconf 87' lang='lat' dir='ltr'>omnium</span> 
     </span>
     <span class='ocr_line' id='line_1_29' title="bbox 173 2037 982 2105; baseline 0.006 -19"><span class='ocrx_word' id='word_1_212' title='bbox 173 2037 275 2086; x_wconf 88' lang='lat' dir='ltr'>artium</span> <span class='ocrx_word' id='word_1_213' title='bbox 295 2040 429 2104; x_wconf 82' lang='lat' dir='ltr'>cognitio.</span> <span class='ocrx_word' id='word_1_214' title='bbox 464 2042 503 2090; x_wconf 85' lang='lat' dir='ltr'>Ac</span> <span class='ocrx_word' id='word_1_215' title='bbox 524 2039 592 2090; x_wconf 89' lang='lat' dir='ltr'>mihi</span> <span class='ocrx_word' id='word_1_216' title='bbox 611 2038 759 2105; x_wconf 85' lang='lat' dir='ltr'>cogitanti,</span> <span class='ocrx_word' id='word_1_217' title='bbox 780 2051 850 2102; x_wconf 90' lang='lat' dir='ltr'>quae</span> <span class='ocrx_word' id='word_1_218' title='bbox 865 2041 982 2094; x_wconf 86' lang='lat' dir='ltr'>tandem</span> 
     </span>
     <span class='ocr_line' id='line_1_30' title="bbox 171 2102 981 2170; baseline -0.004 -17"><span class='ocrx_word' id='word_1_219' title='bbox 171 2103 255 2153; x_wconf 90' lang='lat' dir='ltr'>istius</span> <span class='ocrx_word' id='word_1_220' title='bbox 270 2104 374 2153; x_wconf 77' lang='lat' dir='ltr'>cruoris</span> <span class='ocrx_word' id='word_1_221' title='bbox 390 2106 470 2170; x_wconf 83' lang='lat' dir='ltr'>origo</span> <span class='ocrx_word' id='word_1_222' title='bbox 488 2120 551 2156; x_wconf 86' lang='lat' dir='ltr'>csse</span> <span class='ocrx_word' id='word_1_223' title='bbox 562 2105 696 2170; x_wconf 86' lang='lat' dir='ltr'>potuerit,</span> <span class='ocrx_word' id='word_1_224' title='bbox 711 2108 742 2151; x_wconf 93' lang='lat' dir='ltr'>ut</span> <span class='ocrx_word' id='word_1_225' title='bbox 752 2102 868 2159; x_wconf 79' lang='lat' dir='ltr'>aliarum</span> <span class='ocrx_word' id='word_1_226' title='bbox 878 2107 981 2160; x_wconf 87' lang='lat' dir='ltr'>multu.</span> 
     </span>
     <span class='ocr_line' id='line_1_31' title="bbox 171 2164 980 2238; baseline 0.011 -21"><span class='ocrx_word' id='word_1_227' title='bbox 171 2182 233 2218; x_wconf 86' lang='lat' dir='ltr'>rum</span> <span class='ocrx_word' id='word_1_228' title='bbox 242 2167 468 2222; x_wconf 77' lang='lat' dir='ltr'>stultissimorum</span> <span class='ocrx_word' id='word_1_229' title='bbox 479 2171 654 2236; x_wconf 81' lang='lat' dir='ltr'>opinionum,</span> <span class='ocrx_word' id='word_1_230' title='bbox 673 2172 714 2220; x_wconf 84' lang='lat' dir='ltr'>ita</span> <span class='ocrx_word' id='word_1_231' title='bbox 724 2164 804 2220; x_wconf 89' lang='lat' dir='ltr'>huius</span> <span class='ocrx_word' id='word_1_232' title='bbox 816 2185 927 2238; x_wconf 87' lang='lat' dir='ltr'>quoque</span> <span class='ocrx_word' id='word_1_233' title='bbox 939 2177 980 2226; x_wconf 79' lang='lat' dir='ltr'>vi·</span> 
     </span>
     <span class='ocr_line' id='line_1_32' title="bbox 172 2233 978 2305; baseline 0.012 -21"><span class='ocrx_word' id='word_1_234' title='bbox 172 2233 369 2286; x_wconf 83' lang='lat' dir='ltr'>denturStoici</span> <span class='ocrx_word' id='word_1_235' title='bbox 377 2237 518 2305; x_wconf 86' lang='lat' dir='ltr'>principes</span> <span class='ocrx_word' id='word_1_236' title='bbox 530 2238 664 2304; x_wconf 85' lang='lat' dir='ltr'>quasique</span> <span class='ocrx_word' id='word_1_237' title='bbox 672 2243 869 2303; x_wconf 79' lang='lat' dir='ltr'>procreatores</span> <span class='ocrx_word' id='word_1_238' title='bbox 877 2237 978 2294; x_wconf 75' lang='lat' dir='ltr'>fuisso.</span> 
     </span>
     <span class='ocr_line' id='line_1_33' title="bbox 172 2300 979 2375; baseline 0.011 -24"><span class='ocrx_word' id='word_1_239' title='bbox 172 2300 289 2361; x_wconf 72' lang='lat' dir='ltr'>Qualem</span> <span class='ocrx_word' id='word_1_240' title='bbox 300 2302 374 2354; x_wconf 83' lang='lat' dir='ltr'>cuim</span> <span class='ocrx_word' id='word_1_241' title='bbox 387 2303 431 2355; x_wconf 88' lang='lat' dir='ltr'>iiii</span> <span class='ocrx_word' id='word_1_242' title='bbox 440 2321 520 2356; x_wconf 87' lang='lat' dir='ltr'>suurn</span> <span class='ocrx_word' id='word_1_243' title='bbox 531 2304 685 2370; x_wconf 83' lang='lat' dir='ltr'>sapientem</span> <span class='ocrx_word' id='word_1_244' title='bbox 696 2319 758 2358; x_wconf 88' lang='lat' dir='ltr'>esse</span> <span class='ocrx_word' id='word_1_245' title='bbox 770 2306 911 2369; x_wconf 76' lang='lat' dir='ltr'>dixerant,</span> <span class='ocrx_word' id='word_1_246' title='bbox 928 2310 979 2375; x_wconf 88' lang='lat' dir='ltr'>qui</span> 
     </span>
     <span class='ocr_line' id='line_1_34' title="bbox 172 2368 978 2444; baseline 0.01 -24"><span class='ocrx_word' id='word_1_247' title='bbox 172 2369 250 2422; x_wconf 86' lang='lat' dir='ltr'>sotus</span> <span class='ocrx_word' id='word_1_248' title='bbox 261 2368 403 2426; x_wconf 82' lang='lat' dir='ltr'>formosus</span> <span class='ocrx_word' id='word_1_249' title='bbox 417 2379 505 2436; x_wconf 83' lang='lat' dir='ltr'>esset,</span> <span class='ocrx_word' id='word_1_250' title='bbox 525 2372 603 2426; x_wconf 87' lang='lat' dir='ltr'>solus</span> <span class='ocrx_word' id='word_1_251' title='bbox 617 2371 702 2436; x_wconf 86' lang='lat' dir='ltr'>iiber,</span> <span class='ocrx_word' id='word_1_252' title='bbox 722 2373 800 2426; x_wconf 88' lang='lat' dir='ltr'>solus</span> <span class='ocrx_word' id='word_1_253' title='bbox 814 2388 878 2439; x_wconf 79' lang='lat' dir='ltr'>rex,</span> <span class='ocrx_word' id='word_1_254' title='bbox 889 2375 978 2444; x_wconf 85' lang='lat' dir='ltr'>solus</span> 
     </span>
    </p>
   </div>
   <div class='ocr_carea' id='block_1_13' title="bbox 104 2485 976 2712">
    <p class='ocr_par' dir='ltr' id='par_1_13' title="bbox 213 2485 976 2548">
     <span class='ocr_line' id='line_1_35' title="bbox 213 2485 976 2548; baseline 0.009 -20"><span class='ocrx_word' id='word_1_255' title='bbox 213 2485 234 2540; x_wconf 78' lang='lat'>¹)</span> <span class='ocrx_word' id='word_1_256' title='bbox 246 2485 338 2532; x_wconf 81' lang='lat' dir='ltr'>Rectius</span> <span class='ocrx_word' id='word_1_257' title='bbox 350 2489 449 2537; x_wconf 81' lang='lat' dir='ltr'>dixisset</span> <span class='ocrx_word' id='word_1_258' title='bbox 461 2489 601 2548; x_wconf 72' lang='lat' dir='ltr'>disciplinas.</span> <span class='ocrx_word' id='word_1_259' title='bbox 629 2489 688 2534; x_wconf 86' lang='lat' dir='ltr'>Nam</span> <span class='ocrx_word' id='word_1_260' title='bbox 700 2491 817 2534; x_wconf 80' lang='lat' dir='ltr'>Ciceronis</span> <span class='ocrx_word' id='word_1_261' title='bbox 826 2489 876 2534; x_wconf 80' lang='lat' dir='ltr'>ioca</span> <span class='ocrx_word' id='word_1_262' title='bbox 887 2489 914 2534; x_wconf 85' lang='lat' dir='ltr'>dc</span> <span class='ocrx_word' id='word_1_263' title='bbox 924 2505 976 2535; x_wconf 81' lang='lat' dir='ltr'>ora-</span> 
     </span>
    </p>

    <p class='ocr_par' dir='ltr' id='par_1_14' title="bbox 170 2543 975 2596">
     <span class='ocr_line' id='line_1_36' title="bbox 170 2543 975 2596; baseline 0.009 -13"><span class='ocrx_word' id='word_1_264' title='bbox 170 2543 220 2586; x_wconf 77' lang='lat' dir='ltr'>tore</span> <span class='ocrx_word' id='word_1_265' title='bbox 229 2543 248 2586; x_wconf 89' lang='grc' dir='ltr'>Ι.</span> <span class='ocrx_word' id='word_1_266' title='bbox 261 2549 294 2586; x_wconf 75' lang='lat'>14.</span> <span class='ocrx_word' id='word_1_267' title='bbox 306 2545 430 2590; x_wconf 78' lang='lat' dir='ltr'>cheuett.</span> <span class='ocrx_word' id='word_1_268' title='bbox 441 2551 477 2590; x_wconf 79' lang='grc'>21.</span> <span class='ocrx_word' id='word_1_269' title='bbox 486 2549 526 2592; x_wconf 85' lang='lat' dir='ltr'>ubi</span> <span class='ocrx_word' id='word_1_270' title='bbox 536 2545 645 2592; x_wconf 77' lang='lat' dir='ltr'>scientius</span> <span class='ocrx_word' id='word_1_271' title='bbox 655 2549 688 2592; x_wconf 83' lang='lat' dir='ltr'>sie</span> <span class='ocrx_word' id='word_1_272' title='bbox 696 2549 741 2591; x_wconf 85' lang='lat' dir='ltr'>diei</span> <span class='ocrx_word' id='word_1_273' title='bbox 752 2547 849 2596; x_wconf 74' lang='lat' dir='ltr'>vitietur.</span> <span class='ocrx_word' id='word_1_274' title='bbox 860 2545 927 2589; x_wconf 81' lang='lat' dir='ltr'>alitor</span> <span class='ocrx_word' id='word_1_275' title='bbox 936 2561 975 2590; x_wconf 80' lang='lat' dir='ltr'>se·</span> 
     </span>
    </p>

    <p class='ocr_par' dir='ltr' id='par_1_15' title="bbox 104 2597 975 2712">
     <span class='ocr_line' id='line_1_37' title="bbox 104 2597 975 2658; baseline -0.007 -6"><span class='ocrx_word' id='word_1_276' title='bbox 104 2614 109 2630; x_wconf 48' lang='lat' dir='ltr'>i</span> <span class='ocrx_word' id='word_1_277' title='bbox 170 2597 510 2651; x_wconf 69' lang='lat' dir='ltr'>eipitdesnsr.Th0.;L,&#39;1,.</span> <span class='ocrx_word' id='word_1_278' title='bbox 528 2605 594 2650; x_wconf 75' lang='lat' dir='ltr'>Adde</span> <span class='ocrx_word' id='word_1_279' title='bbox 609 2604 628 2651; x_wconf 91' lang='lat'>1.</span> <span class='ocrx_word' id='word_1_280' title='bbox 642 2605 675 2650; x_wconf 83' lang='grc' dir='ltr'>Μ.</span> <span class='ocrx_word' id='word_1_281' title='bbox 694 2605 861 2658; x_wconf 70' lang='lat' dir='ltr'>Heusingemm</span> <span class='ocrx_word' id='word_1_282' title='bbox 879 2603 975 2648; x_wconf 72' lang='lat' dir='ltr'>Obiere.</span> 
     </span>
     <span class='ocr_line' id='line_1_38' title="bbox 169 2651 598 2712; baseline 0.016 -14"><span class='ocrx_word' id='word_1_283' title='bbox 169 2651 290 2700; x_wconf 55' lang='lat' dir='ltr'>Antibub·</span> <span class='ocrx_word' id='word_1_284' title='bbox 300 2669 324 2712; x_wconf 69' lang='lat' dir='ltr'>ps</span> <span class='ocrx_word' id='word_1_285' title='bbox 332 2661 383 2704; x_wconf 62' lang='lat'>⁴²⁸1</span> <span class='ocrx_word' id='word_1_286' title='bbox 392 2659 486 2706; x_wconf 56' lang='lat' dir='ltr'>uum&amp;</span> <span class='ocrx_word' id='word_1_287' title='bbox 593 2683 598 2690; x_wconf 81' lang='grc'><em>“</em></span> 
     </span>
    </p>
   </div>
   <div class='ocr_carea' id='block_1_14' title="bbox 1049 1736 1055 1803">
    <p class='ocr_par' dir='ltr' id='par_1_16' title="bbox 1049 1736 1055 1803">
     <span class='ocr_line' id='line_1_39' title="bbox 1049 1736 1055 1803; baseline 0 0"><span class='ocrx_word' id='word_1_288' title='bbox 1049 1736 1055 1803; x_wconf 85' lang='lat' dir='ltr'>i</span> 
     </span>
    </p>
   </div>
   <div class='ocr_carea' id='block_1_15' title="bbox 1043 2626 1053 2705">
    <p class='ocr_par' dir='ltr' id='par_1_17' title="bbox 1043 2626 1053 2705">
     <span class='ocr_line' id='line_1_40' title="bbox 1047 2626 1053 2660; baseline 0 0"><span class='ocrx_word' id='word_1_289' title='bbox 1047 2626 1053 2660; x_wconf 88' lang='lat' dir='ltr'>i</span> 
     </span>
     <span class='ocr_line' id='line_1_41' title="bbox 1043 2673 1052 2705; baseline 0 0"><span class='ocrx_word' id='word_1_290' title='bbox 1043 2673 1052 2705; x_wconf 77' lang='lat' dir='ltr'>t</span> 
     </span>
    </p>
   </div>
   <div class='ocr_carea' id='block_1_16' title="bbox 0 0 1074 3010">
    <p class='ocr_par' dir='ltr' id='par_1_18' title="bbox 0 0 1074 3010">
     <span class='ocr_line' id='line_1_42' title="bbox 0 0 1074 3010; baseline 0 2"><span class='ocrx_word' id='word_1_291' title='bbox 0 0 1074 3010; x_wconf 95' lang='lat' dir='ltr'> </span> 
     </span>
    </p>
   </div>
  </div>
 </body>
</html>
