2120 3018
176 154 209 204 ss
475 91 625 223 oanro
643 151 678 206 v.

178 253 326 306 Cretenses
339 258 476 304 armorum
491 254 687 305 tractationem
697 251 826 320 ingenuis
837 255 981 320 permitte·

176 322 253 382 bant,
266 320 354 371 servis
365 319 548 386 denegabunt,
558 321 599 370 ita
610 321 752 388 deligendi
766 326 860 371 essent
868 321 981 387 publico
1054 329 1055 334 ’

180 403 215 438 ex
234 389 308 438 omni
328 385 505 436 multitudine
520 388 590 437 certi
603 393 722 450 tantum,
742 387 788 454 qni
803 387 981 453 eloquentiae
1054 429 1055 432 ,

179 454 336 521 praeceptis
356 453 576 504 instituerentur.
613 453 686 513 Quid
701 454 773 505 enirn
787 461 842 516 est,
857 470 911 520 quo
926 457 984 506 ista

178 522 324 588 praeclara
341 517 472 580 facultas,
496 534 558 578 cum
578 520 664 570 semel
687 519 807 570 frontem
826 521 983 586 perfricuit,

178 587 311 656 progredi
319 600 372 634 non
384 585 501 636 audeatl
520 587 606 636 Ornat
617 586 841 653 exquisitissimis
852 587 982 638 laudibus

178 669 224 705 res
235 651 486 716 contemptissimae
498 658 526 704 et
537 653 752 715 abiectissimas,
766 667 885 715 concam,
897 654 981 704 colvi-

179 722 262 781 tium,
287 718 580 781 culiccn=‚muscam;
607 720 754 770 nonnullas
778 721 862 770 etiam
885 725 981 786 aperte

179 786 266 837 malas
282 792 310 834 et
322 772 462 834 hominbm
481 787 576 850 generi
590 787 702 847 noxias,
721 785 842 849 febrem,
862 794 981 902 pestem,

180 851 298 913 bellum,
318 851 477 914 stultitian13
499 850 624 902 homines
644 853 817 915 teterrimos,
838 851 860 903 P
882 854 981 916 alarin,

180 918 293 969 Busirin
325 922 354 966 et
375 916 512 968 eiusmodi
540 917 621 968 alios.
657 919 735 978 Quae
761 921 814 970 etsi
840 921 982 971 nonnullis

180 983 302 1035 fortasse
320 981 467 1033 toleranda
480 983 569 1033 uideri
586 985 707 1049 possint,
727 993 758 1036 ut
770 986 878 1036 ludicra
891 1001 982 1054 neque

180 1051 237 1102 alio
268 1049 449 1115 pertinentia,
477 1064 559 1116 quarn
581 1049 616 1100 ad
640 1053 870 1103 exercitationem
896 1059 925 1103 et
947 1053 983 1106 ed

151 1147 152 1152 =
181 1118 397 1169 ostentationem
415 1116 533 1183 ingenii,
552 1123 644 1168 tannen
663 1116 736 1169 haud
751 1120 809 1169 scio
828 1135 862 1169 an
877 1122 982 1172 rectius

181 1197 218 1235 ex
246 1183 358 1233 civitate
385 1183 561 1234 tollerentur.
597 1184 759 1236 Certissima
791 1187 864 1236 enim
891 1187 981 1251 pestis

181 1241 389 1301 animorumest
398 1251 578 1314 mendacium,
587 1251 782 1302 cuiassuefleri
792 1253 981 1317 periculosum
1006 1268 1008 1272 ·
1051 1297 1055 1318 ,

181 1323 233 1378 est,
246 1333 315 1380 cum,
327 1325 357 1368 ut
366 1319 510 1370 verissime
521 1321 623 1374 cecinit
632 1319 743 1369 Euenus
754 1318 792 1381 ¹⁶),
805 1320 979 1372 consuetudo

200 1389 331 1451 regressu
347 1387 604 1452 temporistandem
615 1385 642 1434 in
652 1391 777 1435 naturam
792 1391 980 1441 convertatur.
1054 1383 1055 1392 ’

180 1399 297 1516 gemper
307 1449 371 1502 mibi
383 1453 487 1520 placuit
497 1453 598 1502 dictum
611 1450 735 1513 Solonis,
750 1452 808 1518 qui,
820 1466 881 1501 cunr
892 1451 980 1503 Tlres·

180 1519 227 1586 pin
241 1519 356 1584 primum
371 1519 578 1586 tragoediarum
592 1518 756 1583 scriptorem
770 1519 858 1582 ipsum
870 1517 980 1568 fabulas

181 1600 256 1648 suas,
269 1592 299 1637 ut
309 1594 365 1636 tum
377 1592 444 1648 erat,
455 1586 601 1637 docentem
613 1588 776 1649 spectasset,
788 1591 887 1650 postea
897 1597 980 1651 qnae·
1054 1591 1055 1608 ¹

181 1652 263 1702 siisse
275 1665 310 1703 ex
321 1668 353 1703 eo
366 1653 478 1713 dicitur,
495 1649 594 1716 ecquid
604 1650 734 1714 puderet,
745 1650 774 1700 in
783 1657 862 1702 tanta
872 1651 980 1701 audito·

180 1731 240 1769 rum
260 1719 436 1770 multitudine
456 1724 511 1766 tant
534 1715 621 1764 nnrrlta
638 1716 766 1767 mentiril
794 1729 909 1784 cunique
929 1717 979 1768 ille
1052 1707 1055 1728 ⁴

178 1786 384 1854 respondisset,
398 1790 478 1849 turpe
493 1797 547 1831 non
562 1796 639 1845 csse,
652 1783 721 1834 talia
733 1784 796 1836 ioco
811 1791 841 1836 et
853 1797 935 1852 agere
950 1791 981 1834 et

181 1849 287 1903 dicere:
306 1852 346 1903 ibi
356 1857 414 1901 tum
428 1848 657 1914 prudentissimus
672 1866 758 1904 senex
770 1851 883 1913 baculo,
898 1863 981 1917 quem
1011 1863 1025 1877 ‘

181 1931 217 1970 ex
226 1917 431 1970 Atheniensium
443 1915 643 1968 consuetudine
654 1921 793 1986 gestabat,
805 1925 907 1969 terrant
917 1931 980 1981 per.

182 1986 302 2045 cutiens,
322 1981 453 2043 Narenos,
473 1980 574 2047 inquit,
594 1983 698 2039 si‘istor
716 1987 788 2038 iecor
807 1984 851 2034 hic
869 1983 981 2034 laudere

181 2063 368 2109 assuescentes,
382 2046 434 2098 cito
449 2048 550 2100 cosdem
564 2050 593 2102 in
608 2053 788 2105 contractibus
802 2060 829 2101 et
836 2051 865 2099 in
872 2048 981 2101 indiciis
1051 2060 1053 2062 ’

179 2115 338 2184 reperiemur
349 2111 402 2177 Η).
439 2113 494 2166 Sed
503 2122 610 2181 tamen,
621 2135 656 2171 ne
667 2132 773 2172 summo
782 2118 842 2166 inre
854 2127 981 2180 agamus,

179 2197 249 2236 neve
265 2182 357 2232 omnia
371 2181 451 2233 nimis
465 2183 500 2234 ad
513 2185 602 2237 vivum
616 2197 744 2238 resecare
759 2181 912 2241 videamur,
929 2181 982 2232 de·'

180 2265 240 2302 mus
268 2245 339 2298 hanc
360 2250 468 2302 veniam
487 2250 634 2320 sophistis,
661 2257 693 2302 ut
717 2247 855 2312 tamquam
878 2260 979 2299 neuro-

179 2319 304 2384 spastae,
324 2321 372 2368 aut
389 2317 424 2383 ii,
443 2319 491 2388 qui
509 2319 637 2386 agilitate
656 2314 772 2381 quadam
790 2317 818 2364 et
833 2310 979 2368 celeritate

216 2445 237 2502 ⁸)
254 2453 311 2505 Φημὶ
319 2457 460 2506 nolvtoovs'pv
467 2455 553 2504 μελέτην
561 2452 643 2508 ferent,
652 2453 710 2504 pstr-
722 2451 758 2494 iat
767 2452 793 2506 dri

272 2501 353 2552 ταύτην
363 2502 496 2552 induciaretur
505 2493 631 2540 sciturum
641 2501 705 2547 enirm
714 2497 773 2542 abac·

179 2549 256 2596 brunk
268 2551 347 2594 Goon.
358 2566 409 2606 pag.
423 2553 470 2594 191.
481 2548 517 2592 ed.
527 2547 591 2606 Lips.
602 2546 676 2596 (laist.
685 2549 752 2595 Post.
763 2549 816 2596 miu-
826 2561 859 2605 gr.
870 2545 921 2592 Vol.
931 2546 976 2594 111.

156 2639 158 2647 .
178 2620 230 2662 pag.
241 2613 290 2652 aab.
299 2609 335 2650 ed.
346 2609 411 2660 Lips.

110 2677 115 2692 ·
206 2664 237 2722 ¹¹)
252 2658 575 2709 praemonstrantium
594 2683 596 2691 ⁴
