2150 3012
198 145 245 196 uz
370 121 377 136 “
458 143 620 228 'cano-ro
646 123 751 198 unt.¹

195 243 302 296 ditione
316 251 344 295 et
362 243 467 295 iudicio
486 215 649 312 praestitit·
670 245 817 305 Quomodo
832 248 841 297 i
864 247 918 298 'tur
929 247 984 300 lau·

194 311 259 363 dati
276 312 380 362 Eadem
397 311 526 362 libertate
545 313 599 362 scri
620 313 768 362 sisiacum
781 313 821 364 ait
860 329 1004 373 assarum.

193 379 277 441 vitas,
293 393 347 446 qua
359 379 413 443 ipsi
422 379 558 438 vixerunt.
600 327 663 428 ⁵lon
680 391 781 445 magna
792 379 867 442 laus,
888 381 913 432 si
925 381 985 432 laus

193 453 248 508 est3
265 447 316 496 sed
327 459 380 511 ego
390 444 500 496 laudem
510 459 573 496 esse
584 459 639 496 non
653 451 730 509 puto.
760 445 833 506 Quid
844 446 915 498 enim
927 447 985 500 lau*
1060 474 1062 483 ‹

193 511 235 562 dis
246 511 338 572 habet,
349 525 410 562 cum
422 511 556 562 Caesares
566 512 595 561 in
603 525 710 562 suntme
719 512 835 564 licentia
843 519 925 578 atque
936 515 985 564 im·

192 578 324 644 pudentia
332 577 464 638 vixerint,
479 578 614 630 orationis
624 577 793 642 turpitudine
805 581 930 646 ipsorum
937 579 984 640 ila·

192 645 263 712 gitia
272 657 421 709 aequasse,
437 657 562 710 quaeque
577 644 620 692 illi
634 645 776 710 perpetuis
786 645 908 696 tenebris
920 660 984 712 ope·

191 709 289 760 rienda
310 715 465 776 patrarant,
485 724 520 760 ea
540 708 620 760 nudis
640 716 669 762 et
685 713 868 776 praetentatis
892 713 984 765 verbis
1050 712 1064 736 ’

191 778 220 826 ln
229 776 320 827 lucem
330 783 358 826 et
367 776 395 826 iu
406 781 547 840 aspectum
557 775 697 826 hominum
706 777 875 841 protulisset
886 777 983 844 ltaque
1065 831 1066 838 ,

191 839 261 892 nihil
271 842 343 908 apud
354 842 516 894 Suetonium
531 841 703 908 frequentius
717 843 805 910 legas,
824 859 904 910 quam
919 860 985 898 exo·
1065 847 1066 862 ¹

191 909 265 960 letos
284 914 314 959 et
331 909 462 974 spintrias
481 914 510 958 et
524 909 654 960 cellarios
668 909 693 971 *l
711 915 740 960 et
764 910 912 960 nubentem
930 911 985 964 Ne·

192 975 255 1024 roni
274 975 405 1040 Sporum,
423 973 592 1041 Doryphoro
612 973 765 1039 Neronem
790 979 985 1042 voces-etiam,

191 1053 260 1105 quas
269 1041 299 1091 in
308 1043 365 1092 illis
374 1040 630 1108 flagitiismiseriut,
638 1043 717 1107 quasi
727 1040 795 1092 hacc
804 1043 986 1110 scire,poste·
1065 1061 1066 1066 ¹

191 1121 286 1158 rorum
307 1111 469 1161 imeresset:
499 1123 614 1174 quorum
643 1110 904 1160 commemoratione
928 1127 985 1164 nou

191 1174 356 1240 scriptorem
366 1175 515 1238 modo,sed
524 1178 600 1242 ipsas
608 1171 718 1225 chartas
728 1176 892 1228 erubescere
903 1191 985 1244 opor-

190 1239 280 1304 tebat,
300 1257 361 1293 cum
374 1240 443 1292 haec
456 1243 566 1294 interim
583 1241 623 1290 ita
637 1239 777 1293 subtiliter
793 1257 825 1293 ac
836 1244 985 1309 particula·
1065 1267 1066 1284 ÷

191 1306 865 1376 timpersequitur,'utdocerevoluissevideatur.
890 1309 920 1361 ln
931 1312 985 1362 Ta·

191 1374 249 1427 cito
265 1373 337 1426 nihil
350 1376 441 1427 simile
456 1377 588 1442 reperias.
624 1375 705 1426 Talia
723 1380 771 1426 aut
806 1377 922 1428 raetos-it
937 1386 986 1430 out

190 1440 231 1490 ita
242 1443 395 1509 siguificat,
409 1447 441 1493 ut
451 1442 544 1494 odisse
555 1447 583 1492 et
593 1438 743 1492 abhorrere
755 1391 861 1503 unless,
876 1459 940 1506 non,
953 1451 987 1497 ut
1063 1473 1066 1498 2

190 1507 270 1558 illum
280 1509 406 1570 alterum,
417 1508 516 1575 cupide
525 1511 555 1560 in
565 1509 605 1558 eis
615 1507 766 1560 immorari.
801 1509 987 1576 lnterVopis-

191 1589 240 1626 cos
253 1576 339 1641 igitur
353 1581 382 1626 ct
394 1574 564 1640 Spartianus,
574 1580 603 1624 et
614 1573 789 1641 Lampridios
806 1583 835 1626 et
848 1576 985 1628 eiusmodi
1033 1622 1036 1629 .
1065 1595 1066 1598 ¹

146 1643 149 1650 '
189 1639 309 1692 vitarum
323 1642 473 1708 scriptores
485 1641 633 1692 Suetonius
649 1641 780 1703 eunineat,
794 1642 845 1693 illa
854 1656 884 1692 se
897 1643 986 1696 iactet

188 1707 219 1756 in
229 1707 348 1771 aula**);
366 1707 420 1758 hoc
433 1707 534 1758 ceteris
548 1707 659 1768 melior,
671 1707 757 1773 quod,
768 1710 868 1759 aetatis
880 1709 985 1761 beneti-
1055 1711 1066 1716 “

190 1772 244 1834 cio,
255 1774 355 1824 melius
366 1787 447 1839 quam
460 1772 504 1822 illi
516 1771 616 1824 Latine
630 1773 763 1838 loquitur:
778 1775 813 1824 ad
824 1775 914 1826 Taciti
924 1777 984 1843 qui-

189 1837 252 1888 dem
262 1840 382 1906 gloriam
394 1839 518 1905 aspirare
532 1845 581 1890 aut
594 1853 624 1890 se
639 1853 700 1890 cum
714 1855 748 1892 eo
763 1841 891 1893 conterre
901 1842 925 1892 si
935 1858 984 1892 vo·

187 1904 280 1966 luerit,
290 1906 409 1956 omnium
418 1903 588 1955 eruditorum
599 1906 724 1959 convicio
731 1907 880 1959 sabulabit.
899 1909 984 1974 Equi·

187 1970 251 2024 dem
260 1971 335 2038 quod
344 1971 379 2022 ad
388 1983 432 2020 me
444 1971 556 2032 attinet,
569 1970 696 2023 Suetonii
708 1972 856 2024 lectionem
867 1989 921 2028 non
931 1975 984 2024 mi-

185 2052 247 2099 nus,
259 2051 341 2106 qnam
351 2036 453 2086 catulli
463 2043 511 2087 aut
520 2037 670 2102 Martialis,
685 2040 908 2094 adolescentibus
919 2053 984 2105 per·
1003 2103 1004 2108 ¹
1054 2043 1066 2086 t

185 2104 334 2165 niciosam,
353 2103 437 2154 etiam
452 2103 630 2156 confirmatae
650 2106 750 2156 aetatis
764 2103 829 2152 viris
842 2105 984 2168 periculo.

185 2185 244 2223 sam
274 2176 329 2220 uto.
618 2172 623 2179 '
894 2207 897 2222 .

213 2186 380 2288 'ntltnenoax
389 2235 471 2288 estin
480 2232 599 2288 historia
608 2237 732 2286 Tacitus.
759 2231 842 2285 Mitto
854 2234 938 2301 quod,
955 2241 981 2290 si

239 2355 260 2408 ¹)
275 2350 409 2405 Sertorium,
422 2356 467 2406 vel,
476 2359 503 2398 ut
513 2355 673 2409 Oudendorpio
683 2351 766 2408 placet,
777 2348 870 2394 sellaria
881 2363 979 2395 comma-

184 2413 257 2455 morat
270 2407 398 2459 ,stretonius
419 2409 474 2454 Til.
485 2417 519 2456 43.
538 2426 583 2454 non
602 2409 713 2456 cellarios.
735 2408 823 2452 ltulmlo
848 2405 905 2451 loric
920 2408 979 2453 dicti

184 2462 278 2508 cellarii.
302 2464 356 2507 vm.
367 2465 443 2508 Tacit.
454 2467 511 2512 nnn.
521 2469 562 2513 vi.
574 2473 593 2514 ¹⁴

228 2519 260 2572 '')
280 2519 442 2573 visentur.
456 2525 503 2568 144.
540 2545 544 2550 ·

346 2575 391 2622 illu
398 2591 420 2621 u
430 2579 536 2626 iacietis
545 2583 600 2628 aula

225 2631 309 2680 reolus
318 2635 342 2680 ct
352 2631 429 2682 eleum
439 2642 555 2685 ventorum
565 2652 654 2687 earcere
664 2643 751 2697 regnet.
