<?xml version="1.0" encoding="UTF-8"?>
<!DOCTYPE html PUBLIC "-//W3C//DTD XHTML 1.0 Transitional//EN"
    "http://www.w3.org/TR/xhtml1/DTD/xhtml1-transitional.dtd">
<html xmlns="http://www.w3.org/1999/xhtml" xml:lang="en" lang="en">
 <head>
  <title>
</title>
<meta http-equiv="Content-Type" content="text/html;charset=utf-8" />
  <meta name='ocr-system' content='tesseract 3.04.00' />
  <meta name='ocr-capabilities' content='ocr_page ocr_carea ocr_par ocr_line ocrx_word'/>
</head>
<body>
  <div class='ocr_page' id='page_1' title='image "./mantoniimuretie01muregoog_0057.png"; bbox 0 0 2120 3018; ppageno 0'>
   <div class='ocr_carea' id='block_1_1' title="bbox 164 141 672 197">
    <p class='ocr_par' dir='ltr' id='par_1_1' title="bbox 164 141 672 197">
     <span class='ocr_line' id='line_1_1' title="bbox 164 141 672 197; baseline 0.004 -3"><span class='ocrx_word' id='word_1_1' title='bbox 164 141 200 194; x_wconf 71' lang='lat'><strong>⁴⁰</strong></span> <span class='ocrx_word' id='word_1_2' title='bbox 415 188 419 197; x_wconf 40' lang='lat' dir='ltr'><em>s</em></span> <span class='ocrx_word' id='word_1_3' title='bbox 469 141 620 194; x_wconf 74' lang='lat' dir='ltr'><strong>oberro</strong></span> <span class='ocrx_word' id='word_1_4' title='bbox 638 141 672 196; x_wconf 84' lang='lat' dir='ltr'><strong>V.</strong></span> 
     </span>
    </p>
   </div>
   <div class='ocr_carea' id='block_1_2' title="bbox 136 242 1009 846">
    <p class='ocr_par' dir='ltr' id='par_1_2' title="bbox 136 242 1009 846">
     <span class='ocr_line' id='line_1_2' title="bbox 165 242 969 313; baseline 0.005 -19"><span class='ocrx_word' id='word_1_5' title='bbox 165 243 299 310; x_wconf 80' lang='lat' dir='ltr'>quasique</span> <span class='ocrx_word' id='word_1_6' title='bbox 321 242 456 296; x_wconf 85' lang='lat' dir='ltr'><strong>terminos</strong></span> <span class='ocrx_word' id='word_1_7' title='bbox 478 244 652 310; x_wconf 78' lang='lat' dir='ltr'><strong>pangerentl</strong></span> <span class='ocrx_word' id='word_1_8' title='bbox 671 243 768 313; x_wconf 90' lang='lat' dir='ltr'><strong>Neque</strong></span> <span class='ocrx_word' id='word_1_9' title='bbox 792 257 859 296; x_wconf 78' lang='lat' dir='ltr'><strong>vero</strong></span> <span class='ocrx_word' id='word_1_10' title='bbox 885 243 969 298; x_wconf 86' lang='lat' dir='ltr'><strong>huius</strong></span> 
     </span>
     <span class='ocr_line' id='line_1_3' title="bbox 163 311 967 378; baseline 0.005 -18"><span class='ocrx_word' id='word_1_11' title='bbox 163 317 259 362; x_wconf 83' lang='lat' dir='ltr'><strong>tautae</strong></span> <span class='ocrx_word' id='word_1_12' title='bbox 279 326 312 362; x_wconf 86' lang='lat' dir='ltr'><strong>ac</strong></span> <span class='ocrx_word' id='word_1_13' title='bbox 331 319 388 362; x_wconf 86' lang='lat' dir='ltr'><strong>tam</strong></span> <span class='ocrx_word' id='word_1_14' title='bbox 402 311 578 362; x_wconf 83' lang='lat' dir='ltr'><strong>admirabilis</strong></span> <span class='ocrx_word' id='word_1_15' title='bbox 597 313 745 378; x_wconf 82' lang='lat' dir='ltr'><strong>potestatis</strong></span> <span class='ocrx_word' id='word_1_16' title='bbox 759 325 826 363; x_wconf 86' lang='lat' dir='ltr'><strong>suae</strong></span> <span class='ocrx_word' id='word_1_17' title='bbox 839 312 901 378; x_wconf 87' lang='lat' dir='ltr'><strong>ipsa</strong></span> <span class='ocrx_word' id='word_1_18' title='bbox 913 313 967 364; x_wconf 89' lang='lat' dir='ltr'><strong>sibi</strong></span> 
     </span>
     <span class='ocr_line' id='line_1_4' title="bbox 136 378 1009 444; baseline 0.006 -19"><span class='ocrx_word' id='word_1_19' title='bbox 136 427 145 440; x_wconf 21' lang='grc' dir='ltr'><strong><em>κ</em></strong></span> <span class='ocrx_word' id='word_1_20' title='bbox 163 391 260 444; x_wconf 88' lang='lat' dir='ltr'><strong>parum</strong></span> <span class='ocrx_word' id='word_1_21' title='bbox 276 379 389 430; x_wconf 86' lang='lat' dir='ltr'><strong>conscia</strong></span> <span class='ocrx_word' id='word_1_22' title='bbox 405 378 567 444; x_wconf 81' lang='lat' dir='ltr'>eloquentia</span> <span class='ocrx_word' id='word_1_23' title='bbox 582 385 639 440; x_wconf 88' lang='lat' dir='ltr'><strong>est,</strong></span> <span class='ocrx_word' id='word_1_24' title='bbox 660 393 749 444; x_wconf 88' lang='lat' dir='ltr'><strong>neque</strong></span> <span class='ocrx_word' id='word_1_25' title='bbox 769 393 889 444; x_wconf 88' lang='lat' dir='ltr'><strong>unquam</strong></span> <span class='ocrx_word' id='word_1_26' title='bbox 905 393 965 430; x_wconf 87' lang='lat' dir='ltr'><strong>eam</strong></span> <span class='ocrx_word' id='word_1_27' title='bbox 1006 419 1009 423; x_wconf 88' lang='lat'><em>.</em></span> 
     </span>
     <span class='ocr_line' id='line_1_5' title="bbox 165 443 965 514; baseline 0.005 -20"><span class='ocrx_word' id='word_1_28' title='bbox 165 443 283 496; x_wconf 82' lang='lat' dir='ltr'><strong>obscure</strong></span> <span class='ocrx_word' id='word_1_29' title='bbox 294 459 326 494; x_wconf 91' lang='lat' dir='ltr'><strong>ac</strong></span> <span class='ocrx_word' id='word_1_30' title='bbox 337 445 544 496; x_wconf 83' lang='lat' dir='ltr'><strong>dissimulanter</strong></span> <span class='ocrx_word' id='word_1_31' title='bbox 553 445 776 514; x_wconf 84' lang='lat' dir='ltr'><strong>tulit,quae,ut‘e</strong></span> <span class='ocrx_word' id='word_1_32' title='bbox 786 451 881 495; x_wconf 86' lang='lat' dir='ltr'><strong>vetere</strong></span> <span class='ocrx_word' id='word_1_33' title='bbox 893 461 965 498; x_wconf 89' lang='lat' dir='ltr'><strong>com·</strong></span> 
     </span>
     <span class='ocr_line' id='line_1_6' title="bbox 165 511 964 592; baseline 0.004 -32"><span class='ocrx_word' id='word_1_34' title='bbox 165 512 248 562; x_wconf 87' lang='lat' dir='ltr'><strong>cedia</strong></span> <span class='ocrx_word' id='word_1_35' title='bbox 273 511 481 577; x_wconf 85' lang='lat' dir='ltr'><strong>cognoscimus,</strong></span> <span class='ocrx_word' id='word_1_36' title='bbox 500 512 612 576; x_wconf 89' lang='lat' dir='ltr'><strong>abipso</strong></span> <span class='ocrx_word' id='word_1_37' title='bbox 630 527 716 592; x_wconf 87' lang='lat' dir='ltr'><strong>prope</strong></span> <span class='ocrx_word' id='word_1_38' title='bbox 740 517 818 562; x_wconf 81' lang='lat' dir='ltr'><strong>orhrs</strong></span> <span class='ocrx_word' id='word_1_39' title='bbox 836 513 880 562; x_wconf 90' lang='lat' dir='ltr'><strong>sui</strong></span> <span class='ocrx_word' id='word_1_40' title='bbox 893 514 964 578; x_wconf 89' lang='lat' dir='ltr'><strong>prin·</strong></span> 
     </span>
     <span class='ocr_line' id='line_1_7' title="bbox 164 578 963 643; baseline 0.005 -17"><span class='ocrx_word' id='word_1_41' title='bbox 164 578 237 642; x_wconf 88' lang='lat' dir='ltr'><strong>cipio</strong></span> <span class='ocrx_word' id='word_1_42' title='bbox 259 593 327 628; x_wconf 88' lang='lat' dir='ltr'><strong>ausa</strong></span> <span class='ocrx_word' id='word_1_43' title='bbox 342 580 382 629; x_wconf 89' lang='lat' dir='ltr'><strong>sit</strong></span> <span class='ocrx_word' id='word_1_44' title='bbox 399 579 538 643; x_wconf 87' lang='lat' dir='ltr'><strong>profiteri,</strong></span> <span class='ocrx_word' id='word_1_45' title='bbox 558 592 589 628; x_wconf 89' lang='lat' dir='ltr'><strong>se</strong></span> <span class='ocrx_word' id='word_1_46' title='bbox 609 595 668 630; x_wconf 81' lang='lat' dir='ltr'><strong>vias</strong></span> <span class='ocrx_word' id='word_1_47' title='bbox 682 587 779 630; x_wconf 88' lang='lat' dir='ltr'><strong>tenere</strong></span> <span class='ocrx_word' id='word_1_48' title='bbox 793 593 826 627; x_wconf 85' lang='lat' dir='ltr'><strong>ac</strong></span> <span class='ocrx_word' id='word_1_49' title='bbox 843 581 963 643; x_wconf 83' lang='lat' dir='ltr'><strong>tradere,</strong></span> 
     </span>
     <span class='ocr_line' id='line_1_8' title="bbox 163 643 961 711; baseline 0.005 -19"><span class='ocrx_word' id='word_1_50' title='bbox 163 643 263 710; x_wconf 88' lang='lat' dir='ltr'><strong>quibus</strong></span> <span class='ocrx_word' id='word_1_51' title='bbox 273 651 374 696; x_wconf 88' lang='lat' dir='ltr'><strong>&#39;caussa</strong></span> <span class='ocrx_word' id='word_1_52' title='bbox 385 643 503 696; x_wconf 83' lang='lat' dir='ltr'><strong>inferior</strong></span> <span class='ocrx_word' id='word_1_53' title='bbox 516 645 634 697; x_wconf 90' lang='lat' dir='ltr'><strong>dicendo</strong></span> <span class='ocrx_word' id='word_1_54' title='bbox 648 647 776 711; x_wconf 79' lang='lat' dir='ltr'><strong>superior</strong></span> <span class='ocrx_word' id='word_1_55' title='bbox 786 645 848 694; x_wconf 84' lang='lat' dir='ltr'><strong>fieri</strong></span> <span class='ocrx_word' id='word_1_56' title='bbox 857 652 961 711; x_wconf 82' lang='lat' dir='ltr'><strong>posset.</strong></span> 
     </span>
     <span class='ocr_line' id='line_1_9' title="bbox 162 709 963 779; baseline 0.002 -18"><span class='ocrx_word' id='word_1_57' title='bbox 162 709 260 776; x_wconf 84' lang='lat' dir='ltr'><strong>Neque</strong></span> <span class='ocrx_word' id='word_1_58' title='bbox 271 725 368 762; x_wconf 85' lang='lat' dir='ltr'><strong>vanam</strong></span> <span class='ocrx_word' id='word_1_59' title='bbox 378 719 430 770; x_wconf 83' lang='lat' dir='ltr'><strong>aut¹</strong></span> <span class='ocrx_word' id='word_1_60' title='bbox 439 715 551 762; x_wconf 84' lang='lat' dir='ltr'><strong>inanem</strong></span> <span class='ocrx_word' id='word_1_61' title='bbox 564 712 641 762; x_wconf 85' lang='lat' dir='ltr'><strong>illam</strong></span> <span class='ocrx_word' id='word_1_62' title='bbox 656 713 852 779; x_wconf 82' lang='lat' dir='ltr'><strong>gloriationem</strong></span> <span class='ocrx_word' id='word_1_63' title='bbox 866 712 963 776; x_wconf 81' lang='lat' dir='ltr'><strong>fuisse,</strong></span> 
     </span>
     <span class='ocr_line' id='line_1_10' title="bbox 163 777 963 846; baseline 0.008 -20"><span class='ocrx_word' id='word_1_64' title='bbox 163 777 335 842; x_wconf 83' lang='lat' dir='ltr'><strong>gravissimis</strong></span> <span class='ocrx_word' id='word_1_65' title='bbox 354 793 488 844; x_wconf 79' lang='lat' dir='ltr'>persaepe</span> <span class='ocrx_word' id='word_1_66' title='bbox 508 780 680 846; x_wconf 84' lang='lat' dir='ltr'><strong>maximeque</strong></span> <span class='ocrx_word' id='word_1_67' title='bbox 699 779 854 846; x_wconf 80' lang='lat' dir='ltr'><strong>insignibus</strong></span> <span class='ocrx_word' id='word_1_68' title='bbox 873 789 963 832; x_wconf 82' lang='lat' dir='ltr'><strong>exem·</strong></span> 
     </span>
    </p>
   </div>
   <div class='ocr_carea' id='block_1_3' title="bbox 81 843 709 910">
    <p class='ocr_par' dir='ltr' id='par_1_3' title="bbox 81 843 709 910">
     <span class='ocr_line' id='line_1_11' title="bbox 81 843 709 910; baseline 0.008 -19"><span class='ocrx_word' id='word_1_69' title='bbox 81 861 89 874; x_wconf 81' lang='grc'>·</span> <span class='ocrx_word' id='word_1_70' title='bbox 162 843 217 909; x_wconf 89' lang='lat' dir='ltr'><strong>plis</strong></span> <span class='ocrx_word' id='word_1_71' title='bbox 227 843 256 892; x_wconf 92' lang='lat' dir='ltr'><strong>in</strong></span> <span class='ocrx_word' id='word_1_72' title='bbox 267 845 342 894; x_wconf 86' lang='lat' dir='ltr'><strong>omni</strong></span> <span class='ocrx_word' id='word_1_73' title='bbox 352 846 464 895; x_wconf 79' lang='lat' dir='ltr'><strong>civitate</strong></span> <span class='ocrx_word' id='word_1_74' title='bbox 475 843 644 910; x_wconf 87' lang='lat' dir='ltr'><strong>patefactum</strong></span> <span class='ocrx_word' id='word_1_75' title='bbox 656 851 709 896; x_wconf 89' lang='lat' dir='ltr'><strong>est.</strong></span> 
     </span>
    </p>
   </div>
   <div class='ocr_carea' id='block_1_4' title="bbox 161 909 965 1579">
    <p class='ocr_par' dir='ltr' id='par_1_4' title="bbox 161 909 965 1579">
     <span class='ocr_line' id='line_1_12' title="bbox 198 909 963 978; baseline 0.007 -20"><span class='ocrx_word' id='word_1_76' title='bbox 198 909 266 960; x_wconf 89' lang='lat' dir='ltr'><strong>Cum</strong></span> <span class='ocrx_word' id='word_1_77' title='bbox 283 910 369 976; x_wconf 87' lang='lat' dir='ltr'><strong>igitur</strong></span> <span class='ocrx_word' id='word_1_78' title='bbox 382 909 508 962; x_wconf 89' lang='lat' dir='ltr'><strong>homines</strong></span> <span class='ocrx_word' id='word_1_79' title='bbox 524 917 623 960; x_wconf 86' lang='lat' dir='ltr'><strong>natura</strong></span> <span class='ocrx_word' id='word_1_80' title='bbox 635 913 778 978; x_wconf 86' lang='lat' dir='ltr'><strong>potentiae</strong></span> <span class='ocrx_word' id='word_1_81' title='bbox 792 911 884 977; x_wconf 89' lang='lat' dir='ltr'><strong>cupidi</strong></span> <span class='ocrx_word' id='word_1_82' title='bbox 898 911 963 976; x_wconf 86' lang='lat' dir='ltr'><strong>sint,</strong></span> 
     </span>
     <span class='ocr_line' id='line_1_13' title="bbox 163 977 965 1042; baseline 0.005 -16"><span class='ocrx_word' id='word_1_83' title='bbox 163 983 192 1026; x_wconf 89' lang='lat' dir='ltr'><strong>et</strong></span> <span class='ocrx_word' id='word_1_84' title='bbox 201 982 307 1026; x_wconf 88' lang='lat' dir='ltr'><strong>tantum</strong></span> <span class='ocrx_word' id='word_1_85' title='bbox 317 979 351 1028; x_wconf 89' lang='lat' dir='ltr'><strong>ud</strong></span> <span class='ocrx_word' id='word_1_86' title='bbox 368 992 429 1027; x_wconf 85' lang='lat' dir='ltr'><strong>eam</strong></span> <span class='ocrx_word' id='word_1_87' title='bbox 444 979 473 1027; x_wconf 88' lang='lat' dir='ltr'><strong>in</strong></span> <span class='ocrx_word' id='word_1_88' title='bbox 487 977 647 1042; x_wconf 80' lang='lat' dir='ltr'><strong>eloquentia</strong></span> <span class='ocrx_word' id='word_1_89' title='bbox 661 979 793 1030; x_wconf 80' lang='lat' dir='ltr'><strong>momenti</strong></span> <span class='ocrx_word' id='word_1_90' title='bbox 806 981 857 1042; x_wconf 82' lang='lat' dir='ltr'><strong>sit,</strong></span> <span class='ocrx_word' id='word_1_91' title='bbox 871 981 965 1031; x_wconf 78' lang='lat' dir='ltr'><strong>omnia</strong></span> 
     </span>
     <span class='ocr_line' id='line_1_14' title="bbox 163 1043 964 1112; baseline 0.007 -20"><span class='ocrx_word' id='word_1_92' title='bbox 163 1057 259 1093; x_wconf 90' lang='lat' dir='ltr'><strong>omnes</strong></span> <span class='ocrx_word' id='word_1_93' title='bbox 274 1044 333 1095; x_wconf 84' lang='lat' dir='ltr'><strong>eius</strong></span> <span class='ocrx_word' id='word_1_94' title='bbox 348 1044 560 1111; x_wconf 87' lang='lat' dir='ltr'><strong>consequendae</strong></span> <span class='ocrx_word' id='word_1_95' title='bbox 574 1060 673 1096; x_wconf 86' lang='lat' dir='ltr'><strong>caussa</strong></span> <span class='ocrx_word' id='word_1_96' title='bbox 687 1046 795 1112; x_wconf 80' lang='lat' dir='ltr'><strong>facere,</strong></span> <span class='ocrx_word' id='word_1_97' title='bbox 813 1052 844 1096; x_wconf 85' lang='lat' dir='ltr'><strong>ut</strong></span> <span class='ocrx_word' id='word_1_98' title='bbox 857 1046 898 1096; x_wconf 88' lang='lat' dir='ltr'><strong>ait</strong></span> <span class='ocrx_word' id='word_1_99' title='bbox 909 1043 964 1098; x_wconf 85' lang='lat' dir='ltr'><strong>Eu·</strong></span> 
     </span>
     <span class='ocr_line' id='line_1_15' title="bbox 162 1109 964 1174; baseline 0.005 -14"><span class='ocrx_word' id='word_1_100' title='bbox 162 1109 279 1174; x_wconf 88' lang='lat' dir='ltr'><strong>ripides,</strong></span> <span class='ocrx_word' id='word_1_101' title='bbox 295 1117 510 1162; x_wconf 88' lang='lat' dir='ltr'><strong>consentaneum</strong></span> <span class='ocrx_word' id='word_1_102' title='bbox 520 1121 603 1162; x_wconf 86' lang='lat' dir='ltr'><strong>esset.</strong></span> <span class='ocrx_word' id='word_1_103' title='bbox 638 1111 749 1163; x_wconf 84' lang='lat' dir='ltr'><strong>Atmihi</strong></span> <span class='ocrx_word' id='word_1_104' title='bbox 764 1119 855 1162; x_wconf 87' lang='lat' dir='ltr'><strong>tamen</strong></span> <span class='ocrx_word' id='word_1_105' title='bbox 866 1119 964 1164; x_wconf 75' lang='lat' dir='ltr'><strong>contra</strong></span> 
     </span>
     <span class='ocr_line' id='line_1_16' title="bbox 162 1177 964 1248; baseline -0.001 -19"><span class='ocrx_word' id='word_1_106' title='bbox 162 1191 357 1243; x_wconf 84' lang='lat' dir='ltr'><strong>norrnunquam</strong></span> <span class='ocrx_word' id='word_1_107' title='bbox 366 1180 522 1230; x_wconf 78' lang='lat' dir='ltr'><strong>accuratius</strong></span> <span class='ocrx_word' id='word_1_108' title='bbox 536 1177 606 1230; x_wconf 86' lang='lat' dir='ltr'><strong>haec</strong></span> <span class='ocrx_word' id='word_1_109' title='bbox 619 1181 647 1229; x_wconf 92' lang='lat' dir='ltr'><strong>in</strong></span> <span class='ocrx_word' id='word_1_110' title='bbox 662 1181 753 1230; x_wconf 86' lang='lat' dir='ltr'><strong>animo</strong></span> <span class='ocrx_word' id='word_1_111' title='bbox 764 1179 964 1248; x_wconf 85' lang='lat' dir='ltr'><strong>reputantinri·</strong></span> 
     </span>
     <span class='ocr_line' id='line_1_17' title="bbox 161 1245 963 1312; baseline 0.002 -19"><span class='ocrx_word' id='word_1_112' title='bbox 161 1257 223 1294; x_wconf 89' lang='lat' dir='ltr'><strong>rum</strong></span> <span class='ocrx_word' id='word_1_113' title='bbox 241 1245 331 1294; x_wconf 83' lang='lat' dir='ltr'><strong>videri</strong></span> <span class='ocrx_word' id='word_1_114' title='bbox 350 1245 435 1308; x_wconf 88' lang='lat' dir='ltr'><strong>solet,</strong></span> <span class='ocrx_word' id='word_1_115' title='bbox 461 1261 517 1297; x_wconf 91' lang='lat' dir='ltr'><strong>non</strong></span> <span class='ocrx_word' id='word_1_116' title='bbox 536 1246 716 1312; x_wconf 87' lang='lat' dir='ltr'><strong>iampridem</strong></span> <span class='ocrx_word' id='word_1_117' title='bbox 737 1259 832 1296; x_wconf 88' lang='lat' dir='ltr'><strong>omnes</strong></span> <span class='ocrx_word' id='word_1_118' title='bbox 852 1246 963 1301; x_wconf 82' lang='lat' dir='ltr'><strong>dicendi</strong></span> 
     </span>
     <span class='ocr_line' id='line_1_18' title="bbox 162 1310 964 1380; baseline 0.004 -19"><span class='ocrx_word' id='word_1_119' title='bbox 162 1310 325 1378; x_wconf 82' lang='lat' dir='ltr'><strong>magistros,</strong></span> <span class='ocrx_word' id='word_1_120' title='bbox 346 1327 401 1364; x_wconf 90' lang='lat' dir='ltr'><strong>una</strong></span> <span class='ocrx_word' id='word_1_121' title='bbox 420 1314 540 1366; x_wconf 89' lang='lat' dir='ltr'><strong>cumillo</strong></span> <span class='ocrx_word' id='word_1_122' title='bbox 563 1328 613 1364; x_wconf 90' lang='lat' dir='ltr'><strong>suo</strong></span> <span class='ocrx_word' id='word_1_123' title='bbox 634 1314 778 1380; x_wconf 89' lang='lat' dir='ltr'><strong>praeclaro</strong></span> <span class='ocrx_word' id='word_1_124' title='bbox 796 1313 914 1364; x_wconf 83' lang='lat' dir='ltr'><strong>artifieio</strong></span> <span class='ocrx_word' id='word_1_125' title='bbox 928 1325 964 1364; x_wconf 82' lang='lat' dir='ltr'><strong>ex</strong></span> 
     </span>
     <span class='ocr_line' id='line_1_19' title="bbox 164 1379 964 1448; baseline 0.004 -21"><span class='ocrx_word' id='word_1_126' title='bbox 164 1379 290 1429; x_wconf 85' lang='lat' dir='ltr'><strong>omnibus</strong></span> <span class='ocrx_word' id='word_1_127' title='bbox 310 1379 381 1432; x_wconf 89' lang='lat' dir='ltr'><strong>locis</strong></span> <span class='ocrx_word' id='word_1_128' title='bbox 400 1381 537 1432; x_wconf 89' lang='lat' dir='ltr'><strong>communi</strong></span> <span class='ocrx_word' id='word_1_129' title='bbox 557 1381 650 1447; x_wconf 87' lang='lat' dir='ltr'><strong>aliquo</strong></span> <span class='ocrx_word' id='word_1_130' title='bbox 665 1381 787 1448; x_wconf 84' lang='lat' dir='ltr'><strong>gentium</strong></span> <span class='ocrx_word' id='word_1_131' title='bbox 803 1395 835 1430; x_wconf 87' lang='lat' dir='ltr'><strong>ac</strong></span> <span class='ocrx_word' id='word_1_132' title='bbox 848 1380 964 1446; x_wconf 89' lang='lat' dir='ltr'><strong>populo·</strong></span> 
     </span>
     <span class='ocr_line' id='line_1_20' title="bbox 161 1444 962 1512; baseline 0 -16"><span class='ocrx_word' id='word_1_133' title='bbox 161 1459 223 1496; x_wconf 86' lang='lat' dir='ltr'><strong>rum</strong></span> <span class='ocrx_word' id='word_1_134' title='bbox 241 1448 312 1498; x_wconf 88' lang='lat' dir='ltr'><strong>scito</strong></span> <span class='ocrx_word' id='word_1_135' title='bbox 337 1445 457 1511; x_wconf 87' lang='lat' dir='ltr'><strong>eiectos,</strong></span> <span class='ocrx_word' id='word_1_136' title='bbox 481 1446 625 1512; x_wconf 87' lang='lat' dir='ltr'><strong>expulsos,</strong></span> <span class='ocrx_word' id='word_1_137' title='bbox 648 1449 846 1499; x_wconf 83' lang='lat' dir='ltr'><strong>exterminatos</strong></span> <span class='ocrx_word' id='word_1_138' title='bbox 864 1444 962 1496; x_wconf 84' lang='lat' dir='ltr'><strong>fuisse.</strong></span> 
     </span>
     <span class='ocr_line' id='line_1_21' title="bbox 162 1510 965 1579; baseline 0.002 -17"><span class='ocrx_word' id='word_1_139' title='bbox 162 1510 259 1579; x_wconf 81' lang='lat' dir='ltr'><strong>Neque</strong></span> <span class='ocrx_word' id='word_1_140' title='bbox 273 1515 347 1566; x_wconf 86' lang='lat' dir='ltr'><strong>enim</strong></span> <span class='ocrx_word' id='word_1_141' title='bbox 361 1517 494 1566; x_wconf 87' lang='lat' dir='ltr'><strong>adversus</strong></span> <span class='ocrx_word' id='word_1_142' title='bbox 507 1514 572 1563; x_wconf 89' lang='lat' dir='ltr'><strong>illos</strong></span> <span class='ocrx_word' id='word_1_143' title='bbox 586 1519 634 1564; x_wconf 86' lang='lat' dir='ltr'><strong>aut</strong></span> <span class='ocrx_word' id='word_1_144' title='bbox 651 1521 813 1566; x_wconf 83' lang='lat' dir='ltr'><strong>accusatore</strong></span> <span class='ocrx_word' id='word_1_145' title='bbox 832 1512 889 1564; x_wconf 89' lang='lat' dir='ltr'><strong>ullo</strong></span> <span class='ocrx_word' id='word_1_146' title='bbox 916 1518 965 1564; x_wconf 87' lang='lat' dir='ltr'><strong>aut</strong></span> 
     </span>
    </p>
   </div>
   <div class='ocr_carea' id='block_1_5' title="bbox 162 1579 1051 1648">
    <p class='ocr_par' dir='ltr' id='par_1_5' title="bbox 162 1579 1051 1648">
     <span class='ocr_line' id='line_1_22' title="bbox 162 1579 1051 1648; baseline 0.001 -18"><span class='ocrx_word' id='word_1_147' title='bbox 162 1585 235 1630; x_wconf 85' lang='lat' dir='ltr'><strong>teste</strong></span> <span class='ocrx_word' id='word_1_148' title='bbox 255 1596 324 1646; x_wconf 91' lang='lat' dir='ltr'><strong>opus</strong></span> <span class='ocrx_word' id='word_1_149' title='bbox 344 1585 396 1632; x_wconf 89' lang='lat' dir='ltr'><strong>est.</strong></span> <span class='ocrx_word' id='word_1_150' title='bbox 430 1581 487 1646; x_wconf 89' lang='lat' dir='ltr'><strong>lpsi</strong></span> <span class='ocrx_word' id='word_1_151' title='bbox 505 1595 536 1630; x_wconf 90' lang='lat' dir='ltr'><strong>se</strong></span> <span class='ocrx_word' id='word_1_152' title='bbox 550 1580 686 1644; x_wconf 87' lang='lat' dir='ltr'><strong>iudicant,</strong></span> <span class='ocrx_word' id='word_1_153' title='bbox 705 1585 807 1648; x_wconf 81' lang='lat' dir='ltr'><strong>ipsine</strong></span> <span class='ocrx_word' id='word_1_154' title='bbox 826 1579 965 1642; x_wconf 75' lang='lat' dir='ltr'><strong>deferunt,</strong></span> <span class='ocrx_word' id='word_1_155' title='bbox 1049 1628 1051 1631; x_wconf 88' lang='lat'>.</span> 
     </span>
    </p>
   </div>
   <div class='ocr_carea' id='block_1_6' title="bbox 161 1647 996 2383">
    <p class='ocr_par' dir='ltr' id='par_1_6' title="bbox 161 1647 996 2383">
     <span class='ocr_line' id='line_1_23' title="bbox 162 1647 965 1714; baseline 0 -18"><span class='ocrx_word' id='word_1_156' title='bbox 162 1647 218 1713; x_wconf 87' lang='lat' dir='ltr'><strong>ipsi</strong></span> <span class='ocrx_word' id='word_1_157' title='bbox 227 1648 301 1713; x_wconf 89' lang='lat' dir='ltr'><strong>quod</strong></span> <span class='ocrx_word' id='word_1_158' title='bbox 312 1649 504 1698; x_wconf 84' lang='lat' dir='ltr'><strong>occultandum</strong></span> <span class='ocrx_word' id='word_1_159' title='bbox 514 1648 608 1714; x_wconf 86' lang='lat' dir='ltr'><strong>potius</strong></span> <span class='ocrx_word' id='word_1_160' title='bbox 617 1651 769 1710; x_wconf 81' lang='lat' dir='ltr'><strong>videretur,</strong></span> <span class='ocrx_word' id='word_1_161' title='bbox 778 1647 809 1698; x_wconf 89' lang='lat' dir='ltr'><strong>id</strong></span> <span class='ocrx_word' id='word_1_162' title='bbox 819 1649 879 1698; x_wconf 90' lang='lat' dir='ltr'><strong>sine</strong></span> <span class='ocrx_word' id='word_1_163' title='bbox 888 1652 965 1697; x_wconf 91' lang='lat' dir='ltr'><strong>metu</strong></span> 
     </span>
     <span class='ocr_line' id='line_1_24' title="bbox 163 1711 965 1779; baseline 0 -17"><span class='ocrx_word' id='word_1_164' title='bbox 163 1713 313 1779; x_wconf 88' lang='lat' dir='ltr'><strong>acpudore</strong></span> <span class='ocrx_word' id='word_1_165' title='bbox 323 1727 389 1778; x_wconf 85' lang='lat' dir='ltr'><strong>prae</strong></span> <span class='ocrx_word' id='word_1_166' title='bbox 406 1729 436 1764; x_wconf 86' lang='lat' dir='ltr'><strong>se</strong></span> <span class='ocrx_word' id='word_1_167' title='bbox 451 1713 557 1778; x_wconf 87' lang='lat' dir='ltr'><strong>ierunt,</strong></span> <span class='ocrx_word' id='word_1_168' title='bbox 571 1717 599 1768; x_wconf 91' lang='lat' dir='ltr'><strong>id</strong></span> <span class='ocrx_word' id='word_1_169' title='bbox 611 1722 763 1777; x_wconf 86' lang='lat' dir='ltr'><strong>ostentant,</strong></span> <span class='ocrx_word' id='word_1_170' title='bbox 778 1728 812 1765; x_wconf 93' lang='lat' dir='ltr'><strong>eo</strong></span> <span class='ocrx_word' id='word_1_171' title='bbox 827 1729 857 1766; x_wconf 87' lang='lat' dir='ltr'><strong>se</strong></span> <span class='ocrx_word' id='word_1_172' title='bbox 870 1711 965 1765; x_wconf 83' lang='lat' dir='ltr'><strong>vendi·</strong></span> 
     </span>
     <span class='ocr_line' id='line_1_25' title="bbox 162 1780 965 1847; baseline 0.001 -18"><span class='ocrx_word' id='word_1_173' title='bbox 162 1786 236 1842; x_wconf 86' lang='lat' dir='ltr'><strong>tant,</strong></span> <span class='ocrx_word' id='word_1_174' title='bbox 257 1794 291 1829; x_wconf 91' lang='lat' dir='ltr'><strong>eo</strong></span> <span class='ocrx_word' id='word_1_175' title='bbox 311 1780 474 1845; x_wconf 85' lang='lat' dir='ltr'><strong>gloriantur.</strong></span> <span class='ocrx_word' id='word_1_176' title='bbox 508 1781 586 1833; x_wconf 90' lang='lat' dir='ltr'><strong>Nihil</strong></span> <span class='ocrx_word' id='word_1_177' title='bbox 600 1790 656 1835; x_wconf 89' lang='lat' dir='ltr'><strong>tam</strong></span> <span class='ocrx_word' id='word_1_178' title='bbox 671 1790 776 1833; x_wconf 86' lang='lat' dir='ltr'><strong>certum</strong></span> <span class='ocrx_word' id='word_1_179' title='bbox 792 1787 904 1847; x_wconf 83' lang='lat' dir='ltr'><strong>tamque</strong></span> <span class='ocrx_word' id='word_1_180' title='bbox 918 1793 965 1830; x_wconf 85' lang='lat' dir='ltr'><strong>ex·</strong></span> 
     </span>
     <span class='ocr_line' id='line_1_26' title="bbox 162 1843 966 1914; baseline 0 -18"><span class='ocrx_word' id='word_1_181' title='bbox 162 1846 302 1912; x_wconf 85' lang='lat' dir='ltr'><strong>ploratum</strong></span> <span class='ocrx_word' id='word_1_182' title='bbox 322 1860 398 1908; x_wconf 87' lang='lat' dir='ltr'><strong>esse,</strong></span> <span class='ocrx_word' id='word_1_183' title='bbox 421 1847 495 1914; x_wconf 88' lang='lat' dir='ltr'><strong>quod</strong></span> <span class='ocrx_word' id='word_1_184' title='bbox 514 1864 568 1900; x_wconf 92' lang='lat' dir='ltr'><strong>non</strong></span> <span class='ocrx_word' id='word_1_185' title='bbox 587 1851 617 1900; x_wconf 89' lang='lat' dir='ltr'><strong>in</strong></span> <span class='ocrx_word' id='word_1_186' title='bbox 637 1850 748 1901; x_wconf 90' lang='lat' dir='ltr'><strong>dubiunr</strong></span> <span class='ocrx_word' id='word_1_187' title='bbox 767 1849 875 1910; x_wconf 79' lang='lat' dir='ltr'><strong>vocari,</strong></span> <span class='ocrx_word' id='word_1_188' title='bbox 895 1843 966 1898; x_wconf 84' lang='lat' dir='ltr'><strong>nihil</strong></span> 
     </span>
     <span class='ocr_line' id='line_1_27' title="bbox 163 1912 965 1984; baseline -0.002 -20"><span class='ocrx_word' id='word_1_189' title='bbox 163 1919 220 1964; x_wconf 88' lang='lat' dir='ltr'><strong>tam</strong></span> <span class='ocrx_word' id='word_1_190' title='bbox 239 1912 386 1964; x_wconf 89' lang='lat' dir='ltr'><strong>absurdum</strong></span> <span class='ocrx_word' id='word_1_191' title='bbox 405 1920 515 1983; x_wconf 87' lang='lat' dir='ltr'><strong>tamque</strong></span> <span class='ocrx_word' id='word_1_192' title='bbox 536 1932 707 1983; x_wconf 67' lang='lat' dir='ltr'><strong>perversum,</strong></span> <span class='ocrx_word' id='word_1_193' title='bbox 733 1916 807 1984; x_wconf 92' lang='lat' dir='ltr'><strong>quod</strong></span> <span class='ocrx_word' id='word_1_194' title='bbox 830 1927 884 1964; x_wconf 87' lang='lat' dir='ltr'><strong>nen</strong></span> <span class='ocrx_word' id='word_1_195' title='bbox 907 1913 965 1963; x_wconf 87' lang='lat' dir='ltr'><strong>elo·</strong></span> 
     </span>
     <span class='ocr_line' id='line_1_28' title="bbox 163 1979 965 2049; baseline 0.005 -21"><span class='ocrx_word' id='word_1_196' title='bbox 163 1980 294 2046; x_wconf 85' lang='lat' dir='ltr'><strong>quentiae</strong></span> <span class='ocrx_word' id='word_1_197' title='bbox 304 1979 409 2032; x_wconf 86' lang='lat' dir='ltr'><strong>viribus</strong></span> <span class='ocrx_word' id='word_1_198' title='bbox 421 1983 541 2035; x_wconf 88' lang='lat' dir='ltr'><strong>obtineri</strong></span> <span class='ocrx_word' id='word_1_199' title='bbox 552 1999 584 2034; x_wconf 91' lang='lat' dir='ltr'><strong>ac</strong></span> <span class='ocrx_word' id='word_1_200' title='bbox 593 1983 754 2049; x_wconf 86' lang='lat' dir='ltr'><strong>persuaderi</strong></span> <span class='ocrx_word' id='word_1_201' title='bbox 764 1986 863 2046; x_wconf 78' lang='lat' dir='ltr'><strong>queat:</strong></span> <span class='ocrx_word' id='word_1_202' title='bbox 870 1999 872 2010; x_wconf 57' lang='lat'>¹</span> <span class='ocrx_word' id='word_1_203' title='bbox 880 1993 965 2032; x_wconf 85' lang='lat' dir='ltr'><strong>voces</strong></span> 
     </span>
     <span class='ocr_line' id='line_1_29' title="bbox 162 2043 967 2101; baseline 0.002 -5"><span class='ocrx_word' id='word_1_204' title='bbox 162 2051 228 2096; x_wconf 89' lang='lat' dir='ltr'><strong>sunt</strong></span> <span class='ocrx_word' id='word_1_205' title='bbox 247 2043 388 2098; x_wconf 91' lang='lat' dir='ltr'><strong>hominum</strong></span> <span class='ocrx_word' id='word_1_206' title='bbox 406 2052 489 2101; x_wconf 85' lang='lat' dir='ltr'><strong>istam</strong></span> <span class='ocrx_word' id='word_1_207' title='bbox 507 2050 669 2101; x_wconf 84' lang='lat' dir='ltr'><strong>facultatem</strong></span> <span class='ocrx_word' id='word_1_208' title='bbox 686 2064 741 2100; x_wconf 90' lang='lat' dir='ltr'><strong>non</strong></span> <span class='ocrx_word' id='word_1_209' title='bbox 760 2045 920 2095; x_wconf 81' lang='lat' dir='ltr'><strong>calumniari</strong></span> <span class='ocrx_word' id='word_1_210' title='bbox 936 2052 967 2097; x_wconf 84' lang='lat' dir='ltr'><strong>et</strong></span> 
     </span>
     <span class='ocr_line' id='line_1_30' title="bbox 161 2111 967 2181; baseline -0.001 -18"><span class='ocrx_word' id='word_1_211' title='bbox 161 2113 191 2166; x_wconf 85' lang='lat' dir='ltr'><strong>ia</strong></span> <span class='ocrx_word' id='word_1_212' title='bbox 203 2111 296 2163; x_wconf 91' lang='lat' dir='ltr'><strong>odium</strong></span> <span class='ocrx_word' id='word_1_213' title='bbox 310 2130 424 2181; x_wconf 83' lang='lat' dir='ltr'><strong>vocare,</strong></span> <span class='ocrx_word' id='word_1_214' title='bbox 441 2118 491 2170; x_wconf 87' lang='lat' dir='ltr'><strong>sed</strong></span> <span class='ocrx_word' id='word_1_215' title='bbox 507 2131 606 2167; x_wconf 87' lang='lat' dir='ltr'><strong>ornare</strong></span> <span class='ocrx_word' id='word_1_216' title='bbox 617 2123 645 2166; x_wconf 88' lang='lat' dir='ltr'><strong>et</strong></span> <span class='ocrx_word' id='word_1_217' title='bbox 655 2111 811 2166; x_wconf 87' lang='lat' dir='ltr'><strong>hominibus</strong></span> <span class='ocrx_word' id='word_1_218' title='bbox 826 2122 967 2162; x_wconf 48' lang='lat' dir='ltr'><strong>commend</strong></span> 
     </span>
     <span class='ocr_line' id='line_1_31' title="bbox 163 2176 995 2250; baseline 0 -22"><span class='ocrx_word' id='word_1_219' title='bbox 163 2178 229 2230; x_wconf 87' lang='lat' dir='ltr'><strong>dare</strong></span> <span class='ocrx_word' id='word_1_220' title='bbox 249 2182 426 2250; x_wconf 85' lang='lat' dir='ltr'><strong>cupientium.</strong></span> <span class='ocrx_word' id='word_1_221' title='bbox 461 2183 525 2234; x_wconf 85' lang='lat' dir='ltr'><strong>Hoc</strong></span> <span class='ocrx_word' id='word_1_222' title='bbox 539 2187 630 2232; x_wconf 83' lang='lat' dir='ltr'><strong>autem</strong></span> <span class='ocrx_word' id='word_1_223' title='bbox 644 2180 710 2245; x_wconf 91' lang='lat' dir='ltr'><strong>quid</strong></span> <span class='ocrx_word' id='word_1_224' title='bbox 723 2176 798 2234; x_wconf 84' lang='lat' dir='ltr'><strong>allud</strong></span> <span class='ocrx_word' id='word_1_225' title='bbox 812 2180 868 2236; x_wconf 80' lang='lat' dir='ltr'><strong>est,</strong></span> <span class='ocrx_word' id='word_1_226' title='bbox 882 2189 964 2241; x_wconf 82' lang='lat' dir='ltr'><strong>quam</strong></span> <span class='ocrx_word' id='word_1_227' title='bbox 993 2231 995 2236; x_wconf 60' lang='grc'><strong>,</strong></span> 
     </span>
     <span class='ocr_line' id='line_1_32' title="bbox 161 2241 996 2317; baseline 0.002 -23"><span class='ocrx_word' id='word_1_228' title='bbox 161 2252 272 2298; x_wconf 89' lang='lat' dir='ltr'><strong>noctem</strong></span> <span class='ocrx_word' id='word_1_229' title='bbox 283 2264 315 2302; x_wconf 86' lang='lat' dir='ltr'><strong>aa</strong></span> <span class='ocrx_word' id='word_1_230' title='bbox 325 2252 471 2317; x_wconf 85' lang='lat' dir='ltr'><strong>caliginem</strong></span> <span class='ocrx_word' id='word_1_231' title='bbox 482 2250 564 2298; x_wconf 83' lang='lat' dir='ltr'><strong>rebus</strong></span> <span class='ocrx_word' id='word_1_232' title='bbox 572 2247 713 2304; x_wconf 82' lang='lat' dir='ltr'><strong>inducere,</strong></span> <span class='ocrx_word' id='word_1_233' title='bbox 721 2249 749 2293; x_wconf 90' lang='lat' dir='ltr'><strong>et</strong></span> <span class='ocrx_word' id='word_1_234' title='bbox 759 2243 837 2308; x_wconf 85' lang='lat' dir='ltr'><strong>quusi</strong></span> <span class='ocrx_word' id='word_1_235' title='bbox 845 2241 965 2296; x_wconf 85' lang='lat' dir='ltr'><strong>Circaeo</strong></span> <span class='ocrx_word' id='word_1_236' title='bbox 995 2313 996 2316; x_wconf 7' lang='grc' dir='ltr'><strong>Ἴ</strong></span> 
     </span>
     <span class='ocr_line' id='line_1_33' title="bbox 163 2308 965 2383; baseline -0.001 -20"><span class='ocrx_word' id='word_1_237' title='bbox 163 2315 281 2378; x_wconf 83' lang='lat' dir='ltr'><strong>quodam</strong></span> <span class='ocrx_word' id='word_1_238' title='bbox 291 2318 393 2383; x_wconf 83' lang='lat' dir='ltr'><strong>poculo</strong></span> <span class='ocrx_word' id='word_1_239' title='bbox 407 2318 442 2365; x_wconf 83' lang='lat' dir='ltr'><strong>ad</strong></span> <span class='ocrx_word' id='word_1_240' title='bbox 452 2329 512 2364; x_wconf 89' lang='lat' dir='ltr'><strong>carn</strong></span> <span class='ocrx_word' id='word_1_241' title='bbox 526 2312 691 2362; x_wconf 88' lang='lat' dir='ltr'><strong>dementiam</strong></span> <span class='ocrx_word' id='word_1_242' title='bbox 701 2308 827 2361; x_wconf 86' lang='lat' dir='ltr'><strong>homines</strong></span> <span class='ocrx_word' id='word_1_243' title='bbox 839 2310 965 2378; x_wconf 63' lang='lat' dir='ltr'><strong>adigerer</strong></span> 
     </span>
    </p>
   </div>
   <div class='ocr_carea' id='block_1_7' title="bbox 160 2374 964 2716">
    <p class='ocr_par' dir='ltr' id='par_1_7' title="bbox 160 2374 964 2716">
     <span class='ocr_line' id='line_1_34' title="bbox 162 2374 963 2448; baseline 0.001 -19"><span class='ocrx_word' id='word_1_244' title='bbox 162 2385 194 2430; x_wconf 87' lang='lat' dir='ltr'><strong>ut</strong></span> <span class='ocrx_word' id='word_1_245' title='bbox 203 2385 272 2433; x_wconf 84' lang='lat' dir='ltr'><strong>certi</strong></span> <span class='ocrx_word' id='word_1_246' title='bbox 282 2399 315 2434; x_wconf 90' lang='lat' dir='ltr'><strong>ac</strong></span> <span class='ocrx_word' id='word_1_247' title='bbox 325 2383 409 2442; x_wconf 83' lang='lat' dir='ltr'><strong>firmi,</strong></span> <span class='ocrx_word' id='word_1_248' title='bbox 423 2382 451 2430; x_wconf 88' lang='lat' dir='ltr'><strong>in</strong></span> <span class='ocrx_word' id='word_1_249' title='bbox 465 2393 519 2445; x_wconf 92' lang='lat' dir='ltr'><strong>quo</strong></span> <span class='ocrx_word' id='word_1_250' title='bbox 530 2379 672 2440; x_wconf 83' lang='lat' dir='ltr'><strong>insistant,</strong></span> <span class='ocrx_word' id='word_1_251' title='bbox 688 2375 758 2428; x_wconf 86' lang='lat' dir='ltr'><strong>nihil</strong></span> <span class='ocrx_word' id='word_1_252' title='bbox 767 2374 899 2448; x_wconf 83' lang='lat' dir='ltr'><strong>habeant,</strong></span> <span class='ocrx_word' id='word_1_253' title='bbox 912 2379 963 2430; x_wconf 89' lang='lat' dir='ltr'><strong>sed</strong></span> 
     </span>
     <span class='ocr_line' id='line_1_35' title="bbox 161 2443 962 2514; baseline -0.001 -17"><span class='ocrx_word' id='word_1_254' title='bbox 161 2449 245 2500; x_wconf 92' lang='lat' dir='ltr'><strong>modo</strong></span> <span class='ocrx_word' id='word_1_255' title='bbox 261 2448 327 2510; x_wconf 86' lang='lat' dir='ltr'><strong>huc,</strong></span> <span class='ocrx_word' id='word_1_256' title='bbox 346 2447 428 2496; x_wconf 91' lang='lat' dir='ltr'><strong>modo</strong></span> <span class='ocrx_word' id='word_1_257' title='bbox 443 2446 511 2496; x_wconf 92' lang='lat' dir='ltr'><strong>illuc</strong></span> <span class='ocrx_word' id='word_1_258' title='bbox 524 2445 638 2495; x_wconf 86' lang='lat' dir='ltr'><strong>incertis</strong></span> <span class='ocrx_word' id='word_1_259' title='bbox 656 2445 815 2514; x_wconf 85' lang='lat' dir='ltr'><strong>opinionum</strong></span> <span class='ocrx_word' id='word_1_260' title='bbox 831 2443 962 2496; x_wconf 85' lang='lat' dir='ltr'><strong>fluctibus</strong></span> 
     </span>
     <span class='ocr_line' id='line_1_36' title="bbox 162 2509 964 2581; baseline -0.002 -17"><span class='ocrx_word' id='word_1_261' title='bbox 162 2517 260 2581; x_wconf 86' lang='lat' dir='ltr'><strong>agitati</strong></span> <span class='ocrx_word' id='word_1_262' title='bbox 279 2511 429 2578; x_wconf 63' lang='lat' dir='ltr'><strong>vagentur?</strong></span> <span class='ocrx_word' id='word_1_263' title='bbox 451 2511 487 2562; x_wconf 75' lang='lat' dir='ltr'><strong>si</strong></span> <span class='ocrx_word' id='word_1_264' title='bbox 500 2509 716 2580; x_wconf 85' lang='lat' dir='ltr'><strong>pharmacopola</strong></span> <span class='ocrx_word' id='word_1_265' title='bbox 739 2513 840 2578; x_wconf 89' lang='lat' dir='ltr'><strong>aliquis</strong></span> <span class='ocrx_word' id='word_1_266' title='bbox 860 2510 964 2578; x_wconf 89' lang='lat' dir='ltr'><strong>oppida</strong></span> 
     </span>
     <span class='ocr_line' id='line_1_37' title="bbox 161 2577 962 2648; baseline -0.005 -14"><span class='ocrx_word' id='word_1_267' title='bbox 161 2580 327 2634; x_wconf 86' lang='lat' dir='ltr'><strong>circumiens</strong></span> <span class='ocrx_word' id='word_1_268' title='bbox 341 2579 484 2648; x_wconf 83' lang='lat' dir='ltr'><strong>eiusmodi</strong></span> <span class='ocrx_word' id='word_1_269' title='bbox 502 2594 553 2631; x_wconf 88' lang='lat' dir='ltr'><strong>ven</strong></span> <span class='ocrx_word' id='word_1_270' title='bbox 573 2593 636 2630; x_wconf 91' lang='lat' dir='ltr'><strong>num</strong></span> <span class='ocrx_word' id='word_1_271' title='bbox 649 2581 748 2634; x_wconf 77' lang='lat' dir='ltr'><strong>venale</strong></span> <span class='ocrx_word' id='word_1_272' title='bbox 762 2577 962 2642; x_wconf 74' lang='lat' dir='ltr'><strong>circumferret,</strong></span> 
     </span>
     <span class='ocr_line' id='line_1_38' title="bbox 160 2645 962 2716; baseline 0 -18"><span class='ocrx_word' id='word_1_273' title='bbox 160 2647 235 2715; x_wconf 85' lang='lat' dir='ltr'><strong>quod</strong></span> <span class='ocrx_word' id='word_1_274' title='bbox 248 2650 317 2716; x_wconf 90' lang='lat' dir='ltr'><strong>potu</strong></span> <span class='ocrx_word' id='word_1_275' title='bbox 331 2645 441 2716; x_wconf 87' lang='lat' dir='ltr'><strong>quidem</strong></span> <span class='ocrx_word' id='word_1_276' title='bbox 454 2648 537 2703; x_wconf 87' lang='lat' dir='ltr'><strong>iucuu</strong></span> <span class='ocrx_word' id='word_1_277' title='bbox 568 2649 682 2704; x_wconf 87' lang='lat' dir='ltr'><strong>ssimum</strong></span> <span class='ocrx_word' id='word_1_278' title='bbox 696 2653 785 2712; x_wconf 86' lang='lat' dir='ltr'><strong>esset,</strong></span> <span class='ocrx_word' id='word_1_279' title='bbox 803 2648 854 2702; x_wconf 85' lang='lat' dir='ltr'><strong>sed</strong></span> <span class='ocrx_word' id='word_1_280' title='bbox 865 2651 962 2716; x_wconf 78' lang='lat' dir='ltr'><strong>potum</strong></span> 
     </span>
    </p>
   </div>
   <div class='ocr_carea' id='block_1_8' title="bbox 0 0 1064 3018">
    <p class='ocr_par' dir='ltr' id='par_1_8' title="bbox 0 0 1064 3018">
     <span class='ocr_line' id='line_1_39' title="bbox 0 0 1064 3018; baseline 0 0"><span class='ocrx_word' id='word_1_281' title='bbox 0 0 1064 3018; x_wconf 95' lang='lat' dir='ltr'><strong> </strong></span> 
     </span>
    </p>
   </div>
  </div>
 </body>
</html>
