2150 3012
177 153 226 205 ur
377 185 380 188 -
444 151 594 240 orario
623 137 703 204 xiv.
797 114 800 118 ⁵

174 253 318 306 vissimum
332 250 475 314 obiicitur,
491 250 609 302 diluam:
627 265 690 304 curn
707 251 840 322 religioni
856 264 970 321 nocuae
1062 315 1063 320 χ

174 321 315 372 inimicum
327 317 663 386 atqueiuicnsumiuirse.
974 343 978 350 -

122 438 127 445 ,
207 387 287 437 Eaiu
298 387 493 438 vetustissimis
504 384 563 439 illis
572 398 654 436 verce
669 385 845 438 ac-salataris
855 387 908 440 reli
928 390 969 440 io-

174 453 218 506 nis
232 459 344 504 nostrae
365 451 630 520 proseminatoribus
638 453 663 514 *i
682 467 715 504 eo
735 405 969 521 propagatoriffius

174 519 342 588 pietasiuit,
352 545 386 558 ·-
399 531 470 585 quac
485 518 588 569 uanam
604 519 686 570 etiam
699 517 782 572 hodic
798 521 827 570 in
842 523 968 574 omnibus

174 587 256 640 nobis
270 585 356 637 essetl
367 611 399 622 -
410 582 646 648 sibilationem,
659 585 729 638 niiril
737 586 853 646 sumbus
861 588 968 654 accipe·

150 679 156 698 1
174 659 245 714 rent,
257 652 331 719 quod
342 650 527 701 Christianum
543 666 598 702 non
612 659 699 716 esset3
717 667 790 719 quae
803 668 864 704 cunr
875 653 967 706 chris·

174 721 252 770 tiana
264 720 368 784 pietate
382 722 550 784 pugnarent,
564 731 599 768 ea
608 719 700 770 omnia
713 727 889 784 respuerent,
903 721 967 772 reii-
1005 747 1011 757 ·

175 791 283 847 certent,
299 788 504 844 aversarentur,
524 791 742 837 exsecrarentur.
777 786 967 841 Tertullianus

174 853 271 967 Ιῖῐυτ,
286 851 333 918 qui
342 849 477 915 quaedam
487 850 559 916 apud
569 851 696 902 Tacitum
704 850 825 917 legisset
835 853 967 904 aduersus

174 919 196 969 C
216 919 312 966 rictum
323 917 421 981 ipsum,
431 915 519 967 Deum
531 931 563 966 ac
573 915 721 968 Dominum
732 923 866 980 nostrum,
882 926 911 969 et
920 916 967 972 ad-

172 997 269 1034 versus
281 981 453 1033 Christianos
462 981 547 1048 impie
557 982 643 1044 dicta,
653 984 785 1049 quasdam
796 987 880 1038 etism
888 984 967 1038 rain

173 1049 224 1110 las,
241 1062 311 1114 quae
322 1055 380 1098 tum
390 1049 424 1099 de
435 1049 610 1100 sanctissimo
619 1050 679 1102 uiro
691 1049 793 1116 Moyse
803 1050 891 1117 deque
902 1053 966 1102 reli·

173 1115 258 1182 gione
268 1113 486 1178 ludaeorunr**),
496 1115 580 1181 uulgo
591 1115 664 1168 inter
673 1117 818 1182 imperitos
828 1124 857 1168 et
865 1121 968 1172 verita·

172 1181 333 1248 daigneuse
346 1180 622 1244 circumferebantur,
630 1182 672 1234 ad
686 1197 720 1234 ea
732 1183 897 1250 respiciens,
912 1187 967 1238 Ta·

153 1248 258 1300 utum
268 1247 473 1298 mendaciorum
485 1246 710 1313 loquacissimum
721 1251 843 1313 vocarit,
858 1251 968 1302 eedem·

174 1327 227 1381 que
242 1327 287 1365 res
299 1329 426 1380 magnam
440 1315 539 1364 'lecito
553 1313 625 1379 apud
639 1315 740 1368 multos
755 1315 887 1368 conflavit
897 1317 968 1370 inia-

63 1429 74 1436 ,
174 1382 267 1432 miani.
296 1379 359 1433 ¹Seri
373 1397 424 1432 nos
435 1382 460 1431 si
474 1379 527 1430 iroc
540 1385 666 1444 tempore
680 1379 750 1432 nihil
762 1382 908 1450 legendum
918 1399 968 1450 pu·
1062 1423 1063 1426 ,

173 1454 282 1508 tamus5
292 1447 346 1499 uisi
359 1447 433 1514 quod
450 1461 510 1496 cum
525 1444 684 1499 Christiana
700 1449 838 1514 religione
852 1463 969 1510 cousen-

171 1514 239 1576 tiat,
254 1515 410 1567 omittamus
433 1527 614 1564 sancsomnes
633 1513 699 1564 illos
719 1523 830 1575 ¹veteres
843 1515 969 1568 Graecos
1019 1524 1025 1529 ”
1062 1565 1063 1574 ,

173 1579 291 1631 Latinos
313 1595 346 1632 uc
369 1580 530 1646 scriptores.
577 1578 693 1634 Euaulet
709 1595 729 1631 a
748 1581 970 1635 Christianorum
1062 1619 1063 1626 η

174 1644 279 1698 scholis
315 1660 435 1709 omerus,
444 1644 553 1697 exsulet
559 1645 702 1698 Hesiodus
713 1653 741 1698 et
751 1664 805 1700 uno
814 1651 900 1702 verbo
911 1663 969 1700 orn-
1055 1649 1063 1718 ᾖ

173 1726 224 1764 nee
235 1713 340 1780 antiqui
350 1715 461 1778 poetae.
490 1709 579 1761 Nemo
590 1713 716 1764 est-enim
726 1714 839 1778 exiliis,
855 1717 901 1782 qui
912 1731 968 1768 non

173 1778 290 1830 deorum
307 1780 442 1839 inlinitum
462 1778 599 1844 quandam
622 1780 825 1834 multitudinem
843 1781 966 1834 inducat.

172 1843 260 1898 Nemo
274 1845 418 1896 Platonem
429 1845 558 1910 attingetr
578 1845 639 1896 cius
649 1847 721 1900 euim
732 1847 825 1900 studio
836 1848 968 1912 deprava·
1062 1875 1063 1890 a

171 1921 217 1962 tus
228 1917 272 1962 est
281 1911 430 1978 Origenes3
442 1915 470 1960 et
479 1907 608 1962 fortassis
621 1913 851 1974 erqeodemionte
861 1913 966 1964 fluxere
1062 1911 1063 1918 ’

111 2007 115 2014 -
171 1976 337 2028 Manichaei.
372 1973 460 2028 Nemo
473 1977 651 2029 Aristotelem
671 1979 759 2046 legat,
780 1981 827 2046 qui
845 1979 967 2044 quaeda

172 2044 265 2094 mundi
278 2044 458 2102 aeternitate,
470 2044 584 2110 quaeda
599 2043 718 2096 hominis
728 2047 819 2097 aniano
833 2045 969 2111 disputat,

173 2111 214 2160 eis
225 2108 295 2160 nihil
303 2115 397 2174 potest
405 2107 578 2160 Christianae
588 2111 720 2176 religioni
729 2111 819 2174 magia
828 2123 890 2158 csse
902 2125 968 2162 con-

171 2175 296 2226 trarium.
330 2173 519 2242 Repudientur
531 2176 675 2228 Ciceronis
687 2189 747 2226 cum
757 2175 888 2239 pleraque
899 2174 967 2239 alia,

170 2248 229 2292 tum
240 2241 303 2290 libri
312 2243 460 2308 praecipue
471 2242 505 2293 de
516 2242 584 2304 fato,
594 2241 628 2292 de
637 2239 856 2300 divinatione‚de
867 2245 968 2294 natura

172 2302 967 2372 deorum:menifestaenimimpietatisetdtisdrqsocsensi.
1012 2319 1020 2325 ·

170 2373 367 2428 caecutirent
391 2378 427 2429 at
435 2376 478 2428 illi
487 2376 614 2426 vixerunt
623 2377 771 2440 autequam
781 2370 907 2426 Christus
918 2391 963 2428 na·

160 2535 164 2539 ¹
226 2483 247 2538 ⁸)
262 2483 457 2532 Proreminatorar
467 2487 495 2530 de
511 2486 694 2540 procreatoribus
710 2485 770 2530 dixit
783 2476 921 2530 Tertullinus.
935 2488 967 2530 ed

169 2531 264 2583 Natioa.
276 2545 308 2586 li.
319 2545 351 2584 1³.
365 2547 425 2586 extr.
435 2540 542 2597 Simplex
554 2541 771 2600 commutaretur
780 2543 841 2602 opud
852 2543 925 2588 Cicer.
936 2543 965 2586 ris

171 2591 524 2653 N.i).1i.³i.pr.iil.²d.prt
862 2619 871 2634 ι
909 2607 914 2622 ’

119 2709 121 2712 Ι
217 2653 247 2706 ··)
262 2650 339 2701 Tacit.
350 2653 377 2699 V.
387 2656 560 2702 iiist.r.2··i.
