2150 3012
134 391 148 435 l

184 179 232 228 loo
484 171 637 226 ORATIO
655 171 708 224 xl.

182 277 308 330 cantibus
328 275 505 326 commoveri.
539 274 636 342 ltaque
653 274 747 337 atatim
762 287 792 324 se
807 275 946 343 proripuit
966 293 982 332 e

181 344 304 396 theatro:
315 343 458 409 indignum
469 355 530 392 case
542 341 645 400 dicens,
655 357 695 402 se,
703 340 749 390 oui
758 346 800 392 tot
810 347 982 408 stragea‚tot

181 411 290 462 urbium
302 409 486 476 direptiones,
505 413 548 457 tot
565 407 665 458 civium
685 406 823 472 exquisita
841 414 982 461 tormenta

181 491 320 544 uunquam
330 476 480 540 lacrymam
491 489 572 524 uuam
583 475 736 539 exprimere
747 473 913 538 potuissent,
924 475 982 528 lle.

101 543 109 556 '
182 544 269 595 cubuc
280 549 308 594 et
318 538 524 592 Andromachae
535 539 614 590 nralis
625 539 803 605 illacrymari.
827 540 914 599 Quam
925 543 983 595 vim

181 603 330 678 poetarum
344 607 479 658 Horatius
503 606 602 657 merito
624 622 685 657 curn
705 605 928 658 funambulorum
952 615 983 659 et

181 690 326 742 magorum
339 673 469 740 operibus
480 673 659 738 comparavit.

199 772 257 836 lue,
267 773 396 840 inquit*)‚
404 788 454 838 per
464 771 697 840 extentumfunem
707 769 858 838 midipom
866 771 972 826 videtur

199 840 244 893 Ire
252 843 342 906 poeta,
353 854 437 889 meum
449 837 592 904 quipoetico
602 838 719 889 inaniter
729 838 817 906 erigit,

199 905 305 968 Irritat,
318 903 508 974 nrulcet‚salris
519 904 665 956 terroribus
674 905 772 970 implet,

202 971 240 1036 βε
248 985 352 1040 onagros,
363 979 389 1022 et
398 972 474 1022 modo
485 987 526 1022 nce
538 969 643 1032 Thebri,
656 972 732 1022 inodo
739 969 948 1038 poniidtdem‘n

172 1076 179 1090 ⁸
215 1070 315 1122 Paullo
327 1071 408 1124 aliter
418 1071 540 1138 explicat
548 1071 715 1124 Aristoteles
725 1085 850 1122 caussam
862 1073 922 1126 eiua
932 1089 983 1124 vo-

181 1137 310 1204 luptatis,
323 1153 404 1204 quam
420 1153 454 1190 ex
468 1141 548 1204 poesi
562 1139 695 1204 capimus:
713 1138 762 1188 sed
772 1137 841 1189 nihil
851 1138 985 1206 prohibet
1008 1147 1017 1156 “

183 1204 265 1256 aliter
275 1220 291 1254 a
301 1206 425 1270 pluribus
437 1205 532 1257 eedem
544 1205 578 1256 de
588 1219 618 1255 re
631 1211 759 1255 ettamen
770 1219 841 1256 vere,
847 1206 882 1256 ab
893 1209 981 1258 omni-

182 1271 240 1322 buu
258 1271 402 1338 disputari.
436 1273 482 1324 nit
503 1273 589 1340 igitur
607 1271 830 1336 Aristotelee**),
881 1279 985 1326 natura

184 1345 372 1407 comparatum
382 1354 453 1402 ense,
465 1345 495 1390 ut
505 1353 600 1388 omncs
611 1337 737 1390 homines
746 1337 902 1391 imitatione
914 1356 982 1406 gau-

185 1405 269 1456 deant
291 1411 320 1456 ct
337 1419 371 1457 ex
386 1407 469 1458 rebus
486 1404 619 1456 imitando
635 1406 788 1471 expressis,
812 1407 984 1458 cuicuimodi

184 1477 290 1523 tantum
296 1473 349 1538 Η*)
359 1473 425 1524 illae
437 1476 501 1535 sint,
509 1473 679 1538 voluptatem
688 1471 853 1538 percipiant3
865 1471 929 1524 huic
938 1477 984 1525 rei

143 1558 145 1562 ·
186 1545 348 1604 argumento
369 1555 431 1592 esee
450 1540 595 1606 puerulos,
614 1540 660 1606 qui
679 1545 778 1590 natura
790 1538 861 1590 duce
877 1541 985 1592 imitari

186 1607 280 1656 omnia
290 1607 427 1685 gestiant3
446 1614 474 1658 ct
484 1606 538 1657 hoo
549 1605 594 1657 rel
603 1607 721 1656 inarime
733 1605 846 1658 differre
856 1605 986 1659 homines

186 1685 202 1720 a
213 1679 314 1724 ceteris
326 1673 525 1735 animantibus,
535 1672 609 1739 quod
621 1671 746 1722 homines
756 1679 854 1724 natura
864 1676 986 1724 maxime

185 1735 252 1790 facti
264 1739 320 1792 sint
330 1738 365 1793 ad
374 1740 545 1792 imitandum.
575 1737 667 1798 Addit,
679 1752 749 1803 quae
759 1741 847 1803 prima
856 1739 984 1791 hominen

186 1803 310 1870 discunt,
324 1807 459 1858 imitando
471 1805 554 1864 disci,
568 1819 657 1870 neque
671 1818 823 1870 quenquam
838 1821 900 1858 esse
916 1806 986 1873 quin

185 1871 268 1923 rebus
277 1873 410 1924 imitando
422 1871 561 1937 expressis
572 1868 700 1936 gaudeat,
710 1871 793 1922 etiarn
804 1873 849 1935 iis,
858 1888 926 1940 quae
937 1887 985 1923 ve·

185 1952 231 1988 ras
242 1939 331 1990 nollet
340 1941 476 2005 aspicere:
495 1951 549 1987 non
559 1935 646 2000 igitur
656 1935 754 1987 mirum
765 1953 836 2001 esse,
848 1955 908 1990 cum
916 1941 985 2018 poe·

187 2006 225 2056 eis
237 2005 416 2076 imitatione,
433 2009 537 2054 tantem
548 2016 582 2052 ex
595 2015 629 2050 ea
639 1999 672 2052 ab
684 2004 809 2055 omnibus
819 2006 923 2070 percipi
935 2019 984 2056 vo·

185 2070 329 2138 luptatem.
363 2070 451 2131 llaec,
461 2074 518 2119 uta
526 2068 652 2118 veritatis
662 2070 850 2120 amantissimo
859 2069 987 2134 philoso-

114 2185 124 2192 .
187 2131 441 2204 pincernarum,
455 2137 519 2201 quin
530 2133 614 2184 etiam
624 2134 768 2184 verissima
779 2134 847 2195 sint,
861 2133 987 2188 dubitari

186 2218 243 2255 non
256 2208 358 2270 potest.
394 2201 449 2255 Sed
462 2199 529 2251 nrilri
544 2206 636 2251 tamen
649 2197 786 2250 interdum
801 2214 857 2249 non
871 2213 987 2265 parvam

155 2301 167 2316 ,η
179 2261 388 2319 'dubitationem
404 2268 563 2324 attulerunt.
598 2265 640 2318 lta
659 2268 732 2316 enim
750 2279 857 2316 mecum
877 2265 986 2331 cogita·

185 2335 262 2383 bam:
274 2333 348 2398 quod
359 2333 440 2386 oculo
451 2335 498 2385 lux
508 2340 559 2396 ent,
568 2333 643 2386 idem
653 2346 715 2384 esse
726 2332 815 2384 animo
826 2334 986 2403 veritatem,

122 2443 124 2449 .
188 2405 217 2449 et
226 2400 455 2465 quemadmodum
464 2401 526 2454 luce
539 2403 649 2454 oculum
659 2399 795 2469 gaudere,
806 2399 957 2458 abhorrere
967 2418 988 2456 a

233 2487 501 2570 cunicmundi·

224 2566 256 2620 ²³)
272 2567 338 2612 ruet.
349 2585 367 2615 c.
378 2575 399 2613 3.
416 2571 508 2614 Rho'tor.
518 2569 537 2614 1.
549 2574 583 2614 ll.
592 2569 652 2616 lod·

186 2623 409 2734 ωῖρὶωῖἓῠιιυὶω
431 2629 506 2674 edidit
528 2631 630 2681 tamor.
657 2629 684 2670 tl
705 2624 764 2672 irad
788 2628 857 2674 dabie
878 2623 982 2670 fluum
1054 2691 1060 2706 .
