2150 3012
352 113 641 212 onnmoxrv.
737 111 743 118 ’
860 159 909 213 uo
980 133 985 140 ’

119 258 359 312 Addebant‘tertio
371 256 447 320 loco,
459 257 573 324 impium
583 271 616 309 ee
625 254 760 309 nefarium
771 272 833 310 esse
843 261 909 310 serl-

120 336 240 395 ctorem,¹
254 326 300 390 qui
312 323 483 375 Christianae
493 325 624 390 religioni
638 331 731 390 aperte
742 324 867 376 infensus
883 332 912 378 et

120 395 247 445 inimicus
257 391 366 442 luisset.
392 391 524 454 Asperum
534 396 680 456 praeterea
690 397 718 440 et
727 390 867 440 insuavem
878 405 910 441 ac

121 461 263 526 spinosum
275 461 304 508 ct
316 471 377 508 eum
391 456 468 506 euius
479 456 641 514 difficultate
656 457 691 506 ad
705 455 839 506 eruendas
850 470 911 506 sen·
930 515 931 522 ἵ

119 527 223 577 tentias
237 529 371 588 perpetuo
386 522 544 572 luctandum
561 521 645 573 foret.
678 521 824 574 Postremo
840 523 911 573 nmle

121 590 222 641 Latine
231 590 365 650 locutum,
379 589 462 654 idque
472 603 527 640 non
538 588 638 654 vulgus
647 589 729 640 modo
741 588 847 650 dicere,
862 589 913 640 sed

120 659 199 722 ipsos
218 656 301 706 etia‘m
322 655 488 722 praecipuos
506 655 601 721 Taciti
619 660 758 705 amatores
776 655 911 706 confiteri.

99 723 207 774 'ouius
225 721 312 788 igitur
331 720 396 771 libri
419 726 447 770 et
472 720 742 786 corruptissimorum
758 726 914 786 temporum

122 787 281 851 historiam,
297 797 355 836 eam
377 800 411 835 ue
423 786 511 850 ipsam
525 796 617 852 neque
631 788 699 838 satis
715 787 834 838 fideliter
847 787 913 838 seri·

120 862 197 926 ptam
207 857 236 904 et
246 852 371 904 meliusa
399 852 915 916 aliotraditamcontinerent‚etaucto·

122 923 161 972 ris
172 922 217 970 sui
225 917 400 970 manifestam
409 919 578 983 impietatem
587 919 745 985 proderent,
758 926 786 970 et
792 919 914 969 'molesto

122 994 207 1052 atque
218 983 318 1035 odioso
328 990 442 1051 propter
455 985 655 1039 obscuritatem
668 992 697 1036 et
708 999 804 1102 garum
813 985 914 1035 luatiuo
943 992 947 999 '

124 1065 251 1105 sermone
263 1057 434 1112 constarent,
449 1065 575 1102 caussam
588 1066 650 1102 esse
664 1051 709 1102 nul
723 1067 778 1113 am,
795 1064 856 1113 cur,
873 1056 917 1100 tot

124 1117 280 1188 potioribus
291 1117 409 1177 omissis,
420 1119 449 1167 in
460 1130 494 1168 eo
504 1119 677 1182 potissimum
688 1119 824 1168 conficere
835 1116 916 1168 huius
986 1113 987 1121 ’

124 1185 189 1238 anni
199 1183 364 1235 curriculum
374 1183 484 1233 vellem.
513 1183 553 1242 aa
565 1185 635 1249 qua'e
647 1185 738 1234 omnia
746 1183 916 1249 respondere

123 1249 917 1315 constitui,nepraeiudicatamultorumopiniocuiusquam

123 1323 246 1370 vestrum
258 1322 306 1366 eut
317 1317 435 1366 animum
449 1321 547 1372 avocet
560 1320 608 1366 eut
617 1315 916 1366 retardetindustriam.

160 1383 281 1434 Primum
290 1382 377 1449 igitur
386 1379 616 1432 considerandum
625 1388 677 1442 est,
688 1381 858 1446 respublicas
869 1377 917 1431 he-

125 1450 172 1501 die
183 1463 313 1516 perquam
323 1459 425 1514 paucas
440 1461 515 1510 esse,
529 1448 632 1499 nullam
645 1461 707 1498 esse
720 1445 918 1513 propemodum

127 1522 250 1584 gentem,
261 1527 331 1581 quae
343 1529 399 1564 non
410 1513 443 1564 ab
454 1515 534 1565 unius
548 1519 616 1564 nutu
630 1521 712 1580 atquc
727 1513 842 1563 arbitrio
854 1527 917 1578 pon·

127 1585 236 1647 (least),
256 1579 427 1646 animarent,
444 1580 477 1630 ab
491 1595 545 1631 uno
559 1587 681 1648 regatur.
716 1579 791 1644 Ergo
800 1577 853 1628 hac
866 1579 918 1630 sal·

127 1657 184 1701 tem
196 1649 225 1698 in
238 1654 316 1714 parte
333 1647 448 1713 propius
461 1647 569 1698 aceedit
582 1647 617 1698 ad
629 1645 837 1698 similitudinem
851 1651 918 1694 tem·
933 1657 943 1676 ⁸

126 1729 224 1783 porum
235 1719 392 1765 nostrorum
403 1717 491 1763 status
501 1713 550 1765 ille
563 1728 669 1775 rerum,
683 1713 731 1780 qui
741 1712 791 1763 sub
801 1712 932 1778 Impera,

126 1781 246 1842 toribus,
264 1793 343 1846 quam
357 1779 405 1846 qui
414 1779 566 1845 imperante
576 1780 678 1848 populo
697 1778 760 1830 fuit.
795 1778 857 1838 Quo
873 1792 919 1827 au-

125 1855 183 1899 tem
194 1861 318 1916 quaeque
332 1845 452 1908 historia
463 1860 557 1898 rerum
569 1853 726 1898 nostrarum
740 1845 920 1904 similiorem,

128 1929 163 1964 eo
177 1914 256 1980 plura
270 1917 335 1966 suut
346 1914 376 1962 in
390 1927 435 1976 ea,
456 1927 526 1978 quae
540 1913 689 1974 diseamus,
708 1926 778 1979 quae
792 1913 827 1962 ad
841 1925 920 1960 usum

128 1979 317 2042 conferamus,
341 1993 411 2046 quae
434 1979 571 2030 advitam
590 1994 738 2046 moresque
756 1977 918 2029 reseramus.

129 2047 299 2112 Quamquam
311 2052 404 2102 autem
418 2045 471 2096 Dei
487 2045 624 2096 beneficio
639 2051 716 2097 aetas
731 2051 828 2114 nostra
837 2043 920 2094 Tibe-

125 2113 198 2174 rios‚
218 2111 372 2178 Caligulas,
386 2110 513 2164 Nerones
527 2127 582 2162 non
595 2111 692 2174 hahet,
704 2111 920 2178 prodesttamen

127 2179 213 2238 scire,
230 2178 368 2244 quomodo
380 2179 463 2229 etiem
477 2177 527 2228 sub
542 2177 599 2229 illis
612 2180 665 2229 viri
677 2179 744 2239 boni
758 2192 790 2227 ae
802 2177 920 2242 pruden·
971 2177 975 2180 '

127 2251 172 2295 tes
181 2245 310 2306 vixerint,
320 2242 458 2310 quomodo
470 2251 498 2294 et
509 2250 643 2310 quatenus
653 2244 765 2296 illorum
774 2241 920 2293 vitiatule·

99 2345 109 2364 ,ι
128 2311 184 2360 rint
194 2325 226 2361 ac
236 2311 480 2373 dissimulaverint;
495 2310 633 2377 quomodo
647 2325 736 2378 neque
749 2305 919 2374 intempesti·
955 2327 958 2332 ·

127 2391 162 2425 va
171 2377 299 2428 libertate
309 2383 419 2428 utentes
430 2378 513 2426 vitam
525 2391 601 2427 suam
613 2379 672 2428 sine
683 2377 740 2427 ulla
749 2369 918 2440 publicanti·

125 2443 204 2493 litate
215 2445 243 2494 in
254 2443 406 2508 periculum
416 2443 579 2504 obiecerint,
591 2457 680 2510 neque
690 2439 782 2492 tamen
793 2439 877 2488 foeda
886 2449 918 2486 ae
1010 2437 1015 2447 ’

125 2509 429 2576 probrosa'laudantes,
443 2509 554 2576 placere
565 2509 618 2561 sibi
629 2503 919 2576 ullam'turpitudineut

179 2599 200 2652 ⁸)
217 2599 254 2642 Ci.
267 2597 347 2642 Senee.
361 2610 398 2652 ep.
407 2599 447 2639 aa.
466 2597 493 2640 als
514 2595 642 2654 exemplari
656 2597 762 2656 peredere,
790 2591 874 2635 isocen.
888 2588 917 2646 Y.
926 2586 936 2661 '¹

37 2697 45 2708 ,
129 2657 178 2700 tta.
187 2667 261 2700 nonae
271 2653 324 2699 olim
334 2667 386 2698 eun
395 2656 516 2711 pendemus
524 2653 553 2694 ab
564 2655 622 2696 unet
