2150 3012
115 143 117 147 ·
173 145 224 205 rae
368 146 377 155 ·
436 141 710 220 outrroxvm

171 252 293 312 biareni,
310 243 529 316 meliusculum
544 244 578 298 de
591 244 675 300 rebus
686 245 771 301 modo
783 245 853 314 ipsis
867 249 979 316 cogita·

171 324 244 372 rent.
279 311 358 366 Nunc
377 312 457 365 uobis
472 312 576 364 diutius
593 311 755 364 luctandum
775 327 807 365 ac
822 313 981 366 sudandum

174 391 218 438 est
227 380 459 450 circapriucipia,
474 385 502 432 et
515 380 543 430 in
554 379 636 447 ipsis,
649 385 680 430 ut
692 380 733 431 ita
743 381 843 442 dicam,
859 383 981 434 carueri-

173 451 238 514 bus,
247 465 328 518 quam
339 448 438 518 priscis
448 446 514 508 illis,
526 453 557 498 nt
567 447 749 498 acarceribus
761 449 906 499 admotam
936 462 981 499 er·

174 519 312 572 venirent.
346 513 447 575 Nobis,
462 525 609 580 antequam
623 513 723 565 Latine
741 521 789 565 aut
800 513 907 565 Graece
916 463 983 566 bal·

173 586 267 638 butiro
280 583 433 650 possimus,
447 581 534 632 multa
547 593 627 642 cura,
642 580 737 632 multis
748 583 866 648 uigiliis,
883 581 983 634 multia

175 651 318 720 magistris
330 663 399 727 qous
411 653 464 709 est,
478 652 506 704 et
516 647 551 697 iis
569 645 730 713 plerumque
744 649 887 715 magistris
901 649 983 700 meli-

177 719 362 782 oramineque
372 713 512 774 utendum,
525 714 571 782 qui
582 713 665 775 adid,
677 715 751 784 quod
761 731 792 768 se
803 715 905 766 docere
915 730 983 783 pro·

176 787 298 846 fitentur,
309 781 372 833 aliis
382 781 437 848 ipsi
447 780 589 848 magistris
600 781 767 898 ,iudiqerent
794 781 835 832 lta
845 797 926 849 quam
937 781 985 834 illi

176 851 339 904 facultatem
350 863 383 899 ac
393 850 500 916 copiam
511 847 572 898 sine
588 846 646 900 ullo
675 850 759 900 abore
774 864 791 899 a
801 849 935 900 matribus
952 857 985 901 et

176 934 195 970 a
203 915 358 970 nutricibus
374 922 402 967 et
413 931 429 966 a
439 913 542 982 populo
554 911 732 966 hauriebant:
749 916 808 968 eius
819 932 869 967 nos
881 923 912 966 ut
922 931 983 968 um-

176 985 255 1038 bram
268 982 389 1050 aliquam
408 994 623 1050 consequamur,
643 981 787 1034 meliorem
801 983 902 1034 aetatis
918 997 985 1049 par·

174 1059 233 1116 ‚tem
247 1051 277 1100 in
297 1063 331 1100 eo
350 1062 514 1101 consumere
534 1050 668 1116 cogimur.
703 1049 799 1117 ltaque
819 1050 911 1116 gravis
930 1049 984 1102 illa

177 1116 353 1184 conquestio,
366 1131 420 1184 qua
429 1115 532 1168 nobilis
544 1115 609 1168 olim
620 1118 746 1180 poetw)
763 1132 828 1168 usus
842 1117 923 1168 estin
933 1115 982 1168 de·

175 1183 314 1253 ploranda
321 1183 460 1235 bellorum
471 1181 594 1235 civilium
605 1182 776 1235 calamitate:

227 1283 289 1336 Heu
301 1291 429 1354 quantum
444 1292 533 1336 terrae
542 1281 635 1350 potuit
638 1283 783 1363 pelagique
788 1284 895 1350 parari,

124 1368 133 1384 r
230 1351 292 1404 Hoc
303 1367 379 1420 quem
389 1350 477 1403 ciuiles
489 1348 776 1418 aamerrnreangurne
785 1351 914 1414 dextruat

177 1454 215 1508 ad
228 1459 325 1506 nostra
338 1465 449 1520 quoque
463 1447 556 1502 studia
571 1463 626 1500 non
640 1451 863 1518 inconcinnam)
874 1467 983 1506 accom-

171 1521 287 1580 ,rnodari
297 1525 400 1586 potest.
436 1515 483 1569 Sic
495 1516 567 1568 enim
578 1523 607 1568 et
616 1533 667 1570 nos
679 1519 803 1572 dicamus
813 1519 891 1572 licet:
917 1520 984 1572 Heu

171 1594 310 1655 ‚quantum
320 1600 412 1636 rerum
423 1599 455 1636 ac
466 1583 619 1650 sapientiae
627 1589 718 1652 parari
731 1587 822 1653 potuit
830 1603 864 1638 eo
875 1587 983 1651 labore,

178 1654 227 1722 qui
237 1651 396 1716 necessario
410 1651 491 1702 nobis
506 1651 541 1702 ad
553 1651 768 1720 intelligentiam
781 1669 915 1721 usumque
931 1655 982 1706 lin·

173 1715 455 1787 ,gnarunmapienous
465 1716 527 1770 brit
558 1719 900 1774 Haeeunaratiotantum
909 1721 984 1802 aqud

175 1785 328 1838 nonnullos
339 1785 443 1852 potuit,
461 1792 493 1838 ut
526 1785 617 1840 ublice
631 1787 799 1856 persuadere
810 1791 903 1840 conati
916 1797 983 1850 smt,

177 1853 278 1904 inutile
299 1866 362 1904 esse
381 1857 470 1905 totum
489 1801 562 1906 iliud
587 1856 722 1918 studium,
748 1855 823 1922 quod
847 1857 876 1908 in
897 1855 983 1908 Grae·

179 1920 220 1970 cis
235 1933 269 1970 ac
282 1917 392 1972 Latinis
407 1919 511 1974 litteris
524 1928 688 1988 poneretum
708 1937 759 1973 sua
773 1927 873 1990 cuique
887 1923 925 1974 lin
966 1937 984 1972 a

177 1983 440 2056 philosophandum,
458 1993 489 2038 ut
499 1993 528 2038 et
537 1987 580 2038 illi
590 1987 734 2039 fecissent.
769 1987 831 2040 Non
843 1989 916 2040 eninr
927 1937 983 2040 ffe-
1055 2047 1056 2054 χ

178 2056 341 2117 uleeritum,
355 2051 513 2113 Platonem,
527 2053 708 2104 Aristotelem
721 2059 769 2104 aut
779 2053 985 2118 Hebraeorum,

178 2121 439 2188 autlegyptiorum
451 2119 579 2168 somnone
594 2120 622 2170 in
637 2117 802 2183 disputando
817 2125 865 2168 aut
877 2119 905 2168 in
915 2121 983 2170 scri-

179 2189 271 2241 bendo
283 2202 350 2238 usos
362 2197 437 2242 esse,
452 2179 503 2232 sed
515 2195 563 2244 eo,
579 2184 626 2250 qui
640 2183 820 2262 popularibus
831 2183 889 2235 s'uis
900 2193 983 2240 notus

180 2260 269 2316 essem
283 2265 373 2318 neque
381 2246 601 2302 Demosthenem
612 2249 727 2304 Persica
736 2251 983 2316 autMaeedonica,

139 2387 142 2392 a
181 2361 220 2411 νὴ,
231 2365 257 2406 ut
268 2360 351 2402 Graeci
362 2360 447 2408 ulaine,
457 2359 585 2414 unguiculi&
594 2375 620 2406 οι
629 2365 740 2416 cognitum
756 2365 850 2411 Graecia
868 2365 891 2420 ἰξ
901 2362 984 2418 ὀνύχων

180 2415 275 2453 anam·
302 2414 355 2456 Viri.
365 2414 428 2458 Plut.
443 2416 471 2458 de
481 2416 571 2460 educat.
579 2431 645 2473 puer.
654 2431 707 2476 μς.
716 2425 737 2466 8.
747 2422 776 2467 G.

250 2479 272 2536 ⁹)
287 2481 596 2532 Terant.Aa‹lr.1V·³.19.
679 2525 682 2530 .

239 2539 272 2592 ⁰¹)
281 2539 372 2585 ¹[sanctu.
386 2539 466 2584 l'bm.
479 2547 497 2584 1.·
508 2544 541 2584 la.
550 2555 587 2598 aq.

231 2593 273 2648 ¹¹¹)
289 2593 410 2650 Aprrlcium
422 2595 491 2639 habet
499 2606 622 2646 auctorem.
637 2603 736 2651 aella.
745 2607 773 2652 Δ.
782 2605 815 2654 X.
828 2609 861 2652 l‘l.
871 2605 982 2654 moncia·

180 2646 256 2698 near.-
276 2651 332 2698 iteru
342 2651 481 2700 concinnum
491 2651 583 2700 xum.
594 2661 616 2704 2.
