<?xml version="1.0" encoding="UTF-8"?>
<!DOCTYPE html PUBLIC "-//W3C//DTD XHTML 1.0 Transitional//EN"
    "http://www.w3.org/TR/xhtml1/DTD/xhtml1-transitional.dtd">
<html xmlns="http://www.w3.org/1999/xhtml" xml:lang="en" lang="en">
 <head>
  <title>
</title>
<meta http-equiv="Content-Type" content="text/html;charset=utf-8" />
  <meta name='ocr-system' content='tesseract 3.04.00' />
  <meta name='ocr-capabilities' content='ocr_page ocr_carea ocr_par ocr_line ocrx_word'/>
</head>
<body>
  <div class='ocr_page' id='page_1' title='image "./mantoniimuretie01muregoog_0221.png"; bbox 0 0 2140 3010; ppageno 0'>
   <div class='ocr_carea' id='block_1_1' title="bbox 180 106 886 204">
    <p class='ocr_par' dir='ltr' id='par_1_1' title="bbox 180 106 886 204">
     <span class='ocr_line' id='line_1_1' title="bbox 180 106 886 204; baseline -0.01 -18"><span class='ocrx_word' id='word_1_1' title='bbox 180 135 241 204; x_wconf 50' lang='lat' dir='ltr'><strong>¹sor</strong></span> <span class='ocrx_word' id='word_1_2' title='bbox 385 130 424 184; x_wconf 83' lang='lat' dir='ltr'><strong>nr.</strong></span> <span class='ocrx_word' id='word_1_3' title='bbox 443 127 618 182; x_wconf 76' lang='lat' dir='ltr'><strong>noronn</strong></span> <span class='ocrx_word' id='word_1_4' title='bbox 634 111 795 182; x_wconf 75' lang='lat' dir='ltr'><strong>nonani</strong></span> <span class='ocrx_word' id='word_1_5' title='bbox 880 106 886 110; x_wconf 82' lang='grc'><strong>’</strong></span> 
     </span>
    </p>
   </div>
   <div class='ocr_carea' id='block_1_2' title="bbox 191 229 994 634">
    <p class='ocr_par' dir='ltr' id='par_1_2' title="bbox 191 229 994 634">
     <span class='ocr_line' id='line_1_2' title="bbox 191 229 993 300; baseline -0.002 -12"><span class='ocrx_word' id='word_1_6' title='bbox 191 233 331 294; x_wconf 70' lang='lat' dir='ltr'><strong>naruntr).</strong></span> <span class='ocrx_word' id='word_1_7' title='bbox 368 229 442 294; x_wconf 75' lang='lat' dir='ltr'><strong>Quid</strong></span> <span class='ocrx_word' id='word_1_8' title='bbox 457 232 485 284; x_wconf 93' lang='lat' dir='ltr'><strong>in</strong></span> <span class='ocrx_word' id='word_1_9' title='bbox 500 229 543 282; x_wconf 90' lang='lat' dir='ltr'><strong>his</strong></span> <span class='ocrx_word' id='word_1_10' title='bbox 553 230 702 282; x_wconf 65' lang='lat' dir='ltr'><strong>immoror?</strong></span> <span class='ocrx_word' id='word_1_11' title='bbox 720 231 831 284; x_wconf 80' lang='lat' dir='ltr'><strong>Marcus</strong></span> <span class='ocrx_word' id='word_1_12' title='bbox 851 233 912 300; x_wconf 82' lang='lat' dir='ltr'><strong>ipse</strong></span> <span class='ocrx_word' id='word_1_13' title='bbox 926 233 993 296; x_wconf 84' lang='lat' dir='ltr'><strong>Tul-</strong></span> 
     </span>
     <span class='ocr_line' id='line_1_3' title="bbox 191 297 993 414; baseline -0.001 -59"><span class='ocrx_word' id='word_1_14' title='bbox 191 303 259 364; x_wconf 86' lang='lat' dir='ltr'><strong>lios,</strong></span> <span class='ocrx_word' id='word_1_15' title='bbox 289 301 468 370; x_wconf 80' lang='lat' dir='ltr'><strong>eloquentiae</strong></span> <span class='ocrx_word' id='word_1_16' title='bbox 487 297 627 348; x_wconf 81' lang='lat' dir='ltr'><strong>Romanae</strong></span> <span class='ocrx_word' id='word_1_17' title='bbox 650 299 806 414; x_wconf 64' lang='lat' dir='ltr'><strong>persensae</strong></span> <span class='ocrx_word' id='word_1_18' title='bbox 824 297 915 365; x_wconf 75' lang='lat' dir='ltr'><strong>Deus,</strong></span> <span class='ocrx_word' id='word_1_19' title='bbox 944 304 993 370; x_wconf 85' lang='lat' dir='ltr'><strong>qul</strong></span> 
     </span>
     <span class='ocr_line' id='line_1_4' title="bbox 193 365 994 430; baseline -0.005 -8"><span class='ocrx_word' id='word_1_20' title='bbox 193 385 263 422; x_wconf 88' lang='lat' dir='ltr'><strong>unns</strong></span> <span class='ocrx_word' id='word_1_21' title='bbox 277 368 385 430; x_wconf 82' lang='lat' dir='ltr'><strong>effecit,</strong></span> <span class='ocrx_word' id='word_1_22' title='bbox 399 373 505 417; x_wconf 83' lang='lat' dir='ltr'><strong>utrum</strong></span> <span class='ocrx_word' id='word_1_23' title='bbox 519 365 607 428; x_wconf 73' lang='lat' dir='ltr'><strong>lhrma</strong></span> <span class='ocrx_word' id='word_1_24' title='bbox 616 379 650 414; x_wconf 89' lang='lat' dir='ltr'><strong>ur</strong></span> <span class='ocrx_word' id='word_1_25' title='bbox 669 367 726 416; x_wconf 91' lang='lat' dir='ltr'><strong>ium</strong></span> <span class='ocrx_word' id='word_1_26' title='bbox 739 366 861 418; x_wconf 87' lang='lat' dir='ltr'><strong>omnium</strong></span> <span class='ocrx_word' id='word_1_27' title='bbox 874 370 994 420; x_wconf 84' lang='lat' dir='ltr'><strong>maxima</strong></span> 
     </span>
     <span class='ocr_line' id='line_1_5' title="bbox 193 431 993 501; baseline -0.001 -14"><span class='ocrx_word' id='word_1_28' title='bbox 193 439 282 498; x_wconf 79' lang='lat' dir='ltr'><strong>esaei,</strong></span> <span class='ocrx_word' id='word_1_29' title='bbox 302 437 406 486; x_wconf 80' lang='lat' dir='ltr'><strong>Romae</strong></span> <span class='ocrx_word' id='word_1_30' title='bbox 419 439 512 484; x_wconf 86' lang='lat' dir='ltr'><strong>tamen</strong></span> <span class='ocrx_word' id='word_1_31' title='bbox 525 431 613 482; x_wconf 83' lang='lat' dir='ltr'><strong>Roma</strong></span> <span class='ocrx_word' id='word_1_32' title='bbox 625 431 685 498; x_wconf 87' lang='lat' dir='ltr'><strong>ipsa</strong></span> <span class='ocrx_word' id='word_1_33' title='bbox 699 435 787 484; x_wconf 90' lang='lat' dir='ltr'><strong>maius</strong></span> <span class='ocrx_word' id='word_1_34' title='bbox 805 447 867 485; x_wconf 89' lang='lat' dir='ltr'><strong>esse</strong></span> <span class='ocrx_word' id='word_1_35' title='bbox 888 435 993 501; x_wconf 83' lang='lat' dir='ltr'><strong>aliquid</strong></span> 
     </span>
     <span class='ocr_line' id='line_1_6' title="bbox 193 497 994 566; baseline -0.004 -12"><span class='ocrx_word' id='word_1_36' title='bbox 193 502 346 566; x_wconf 62' lang='lat' dir='ltr'><strong>discretum</strong></span> <span class='ocrx_word' id='word_1_37' title='bbox 364 501 422 562; x_wconf 86' lang='lat' dir='ltr'><strong>ille,</strong></span> <span class='ocrx_word' id='word_1_38' title='bbox 436 500 557 566; x_wconf 90' lang='lat' dir='ltr'><strong>inquam,</strong></span> <span class='ocrx_word' id='word_1_39' title='bbox 571 498 609 549; x_wconf 87' lang='lat' dir='ltr'><strong>M.</strong></span> <span class='ocrx_word' id='word_1_40' title='bbox 621 497 744 562; x_wconf 75' lang='lat' dir='ltr'><strong>lollius,</strong></span> <span class='ocrx_word' id='word_1_41' title='bbox 758 499 836 552; x_wconf 86' lang='lat' dir='ltr'><strong>cuius</strong></span> <span class='ocrx_word' id='word_1_42' title='bbox 846 501 994 553; x_wconf 86' lang='lat' dir='ltr'><strong>admirabi-</strong></span> 
     </span>
     <span class='ocr_line' id='line_1_7' title="bbox 193 566 992 634; baseline -0.003 -14"><span class='ocrx_word' id='word_1_43' title='bbox 193 570 248 620; x_wconf 87' lang='lat' dir='ltr'><strong>lem</strong></span> <span class='ocrx_word' id='word_1_44' title='bbox 259 569 370 622; x_wconf 85' lang='lat' dir='ltr'><strong>dicendi</strong></span> <span class='ocrx_word' id='word_1_45' title='bbox 380 567 435 618; x_wconf 90' lang='lat' dir='ltr'><strong>vim</strong></span> <span class='ocrx_word' id='word_1_46' title='bbox 447 581 479 616; x_wconf 86' lang='lat' dir='ltr'><strong>ac</strong></span> <span class='ocrx_word' id='word_1_47' title='bbox 490 568 599 632; x_wconf 85' lang='lat' dir='ltr'><strong>copiam</strong></span> <span class='ocrx_word' id='word_1_48' title='bbox 613 579 693 616; x_wconf 88' lang='lat' dir='ltr'><strong>nemo</strong></span> <span class='ocrx_word' id='word_1_49' title='bbox 708 566 777 617; x_wconf 89' lang='lat' dir='ltr'><strong>satis</strong></span> <span class='ocrx_word' id='word_1_50' title='bbox 791 581 841 632; x_wconf 91' lang='lat' dir='ltr'><strong>pro</strong></span> <span class='ocrx_word' id='word_1_51' title='bbox 855 568 992 634; x_wconf 83' lang='lat' dir='ltr'>dignitate</span> 
     </span>
    </p>
   </div>
   <div class='ocr_carea' id='block_1_3' title="bbox 192 631 1059 702">
    <p class='ocr_par' dir='ltr' id='par_1_3' title="bbox 192 631 1059 702">
     <span class='ocr_line' id='line_1_8' title="bbox 192 631 1059 702; baseline -0.001 -16"><span class='ocrx_word' id='word_1_52' title='bbox 192 651 227 690; x_wconf 87' lang='lat' dir='ltr'><strong>ne</strong></span> <span class='ocrx_word' id='word_1_53' title='bbox 243 636 374 688; x_wconf 85' lang='lat' dir='ltr'><strong>admirari</strong></span> <span class='ocrx_word' id='word_1_54' title='bbox 387 632 498 699; x_wconf 87' lang='lat' dir='ltr'><strong>quidem</strong></span> <span class='ocrx_word' id='word_1_55' title='bbox 511 637 618 697; x_wconf 85' lang='lat' dir='ltr'><strong>potest,</strong></span> <span class='ocrx_word' id='word_1_56' title='bbox 633 646 650 682; x_wconf 87' lang='lat' dir='ltr'><strong>a</strong></span> <span class='ocrx_word' id='word_1_57' title='bbox 665 631 746 682; x_wconf 86' lang='lat' dir='ltr'><strong>Gsllo</strong></span> <span class='ocrx_word' id='word_1_58' title='bbox 760 649 791 684; x_wconf 88' lang='lat' dir='ltr'><strong>se</strong></span> <span class='ocrx_word' id='word_1_59' title='bbox 805 631 915 687; x_wconf 90' lang='lat' dir='ltr'><strong>homine</strong></span> <span class='ocrx_word' id='word_1_60' title='bbox 930 635 993 686; x_wconf 89' lang='lat' dir='ltr'><strong>Plo·</strong></span> <span class='ocrx_word' id='word_1_61' title='bbox 1054 679 1059 702; x_wconf 28' lang='grc' dir='ltr'><em>Α</em></span> 
     </span>
    </p>
   </div>
   <div class='ocr_carea' id='block_1_4' title="bbox 191 698 994 1236">
    <p class='ocr_par' dir='ltr' id='par_1_4' title="bbox 191 698 994 1236">
     <span class='ocr_line' id='line_1_9' title="bbox 193 698 992 768; baseline 0 -15"><span class='ocrx_word' id='word_1_62' title='bbox 193 704 278 768; x_wconf 75' lang='lat' dir='ltr'><strong>tio**)</strong></span> <span class='ocrx_word' id='word_1_63' title='bbox 302 698 480 766; x_wconf 78' lang='lat' dir='ltr'><strong>eloquentiae</strong></span> <span class='ocrx_word' id='word_1_64' title='bbox 503 705 654 766; x_wconf 85' lang='lat' dir='ltr'><strong>praecepta</strong></span> <span class='ocrx_word' id='word_1_65' title='bbox 681 698 992 766; x_wconf 70' lang='lat' dir='ltr'><strong>didicisse&#39;prohtetul.</strong></span> 
     </span>
     <span class='ocr_line' id='line_1_10' title="bbox 193 765 993 838; baseline -0.003 -18"><span class='ocrx_word' id='word_1_66' title='bbox 193 768 323 838; x_wconf 67' lang='lat' dir='ltr'><strong>ldemrpue</strong></span> <span class='ocrx_word' id='word_1_67' title='bbox 334 766 443 818; x_wconf 82' lang='lat' dir='ltr'><strong>Plotius</strong></span> <span class='ocrx_word' id='word_1_68' title='bbox 457 767 562 832; x_wconf 89' lang='lat' dir='ltr'><strong>primus</strong></span> <span class='ocrx_word' id='word_1_69' title='bbox 578 765 698 816; x_wconf 88' lang='lat' dir='ltr'><strong>omnium</strong></span> <span class='ocrx_word' id='word_1_70' title='bbox 707 765 811 818; x_wconf 86' lang='lat' dir='ltr'><strong>Romae</strong></span> <span class='ocrx_word' id='word_1_71' title='bbox 825 767 920 819; x_wconf 90' lang='lat' dir='ltr'><strong>ludum</strong></span> <span class='ocrx_word' id='word_1_72' title='bbox 930 783 993 834; x_wconf 85' lang='lat' dir='ltr'><strong>npe-</strong></span> 
     </span>
     <span class='ocr_line' id='line_1_11' title="bbox 193 831 994 900; baseline -0.002 -14"><span class='ocrx_word' id='word_1_73' title='bbox 193 837 283 888; x_wconf 87' lang='lat' dir='ltr'><strong>ruisse</strong></span> <span class='ocrx_word' id='word_1_74' title='bbox 293 833 420 886; x_wconf 80' lang='lat' dir='ltr'><strong>traditur.</strong></span> <span class='ocrx_word' id='word_1_75' title='bbox 456 831 525 892; x_wconf 74' lang='lat' dir='ltr'><strong>Quis</strong></span> <span class='ocrx_word' id='word_1_76' title='bbox 535 847 619 898; x_wconf 87' lang='lat' dir='ltr'><strong>porro</strong></span> <span class='ocrx_word' id='word_1_77' title='bbox 629 847 748 900; x_wconf 88' lang='lat' dir='ltr'><strong>unquam</strong></span> <span class='ocrx_word' id='word_1_78' title='bbox 758 833 804 884; x_wconf 82' lang='lat' dir='ltr'><strong>vel</strong></span> <span class='ocrx_word' id='word_1_79' title='bbox 818 833 901 886; x_wconf 85' lang='lat' dir='ltr'><strong>fando</strong></span> <span class='ocrx_word' id='word_1_80' title='bbox 917 835 994 886; x_wconf 87' lang='lat' dir='ltr'><strong>andi-</strong></span> 
     </span>
     <span class='ocr_line' id='line_1_12' title="bbox 194 898 994 966; baseline -0.003 -12"><span class='ocrx_word' id='word_1_81' title='bbox 194 903 306 966; x_wconf 54' lang='lat' dir='ltr'><strong>ritffl),</strong></span> <span class='ocrx_word' id='word_1_82' title='bbox 325 900 409 952; x_wconf 87' lang='lat' dir='ltr'><strong>ollam</strong></span> <span class='ocrx_word' id='word_1_83' title='bbox 423 898 512 951; x_wconf 85' lang='lat' dir='ltr'><strong>fuisse</strong></span> <span class='ocrx_word' id='word_1_84' title='bbox 526 899 597 951; x_wconf 88' lang='lat' dir='ltr'><strong>bene</strong></span> <span class='ocrx_word' id='word_1_85' title='bbox 615 899 771 952; x_wconf 80' lang='lat' dir='ltr'><strong>institutam</strong></span> <span class='ocrx_word' id='word_1_86' title='bbox 790 901 944 965; x_wconf 85' lang='lat' dir='ltr'><strong>civitatem,</strong></span> <span class='ocrx_word' id='word_1_87' title='bbox 964 904 994 952; x_wconf 90' lang='lat' dir='ltr'><strong>in</strong></span> 
     </span>
     <span class='ocr_line' id='line_1_13' title="bbox 193 965 994 1035; baseline 0.001 -16"><span class='ocrx_word' id='word_1_88' title='bbox 193 983 248 1034; x_wconf 87' lang='lat' dir='ltr'><strong>qua</strong></span> <span class='ocrx_word' id='word_1_89' title='bbox 259 967 401 1034; x_wconf 85' lang='lat' dir='ltr'><strong>peregrini</strong></span> <span class='ocrx_word' id='word_1_90' title='bbox 418 967 452 1018; x_wconf 89' lang='lat' dir='ltr'><strong>ab</strong></span> <span class='ocrx_word' id='word_1_91' title='bbox 466 965 644 1018; x_wconf 82' lang='lat' dir='ltr'><strong>erundiendis</strong></span> <span class='ocrx_word' id='word_1_92' title='bbox 659 965 884 1020; x_wconf 80' lang='lat' dir='ltr'><strong>adolescentibus</strong></span> <span class='ocrx_word' id='word_1_93' title='bbox 903 968 994 1035; x_wconf 88' lang='lat' dir='ltr'><strong>repel-</strong></span> 
     </span>
     <span class='ocr_line' id='line_1_14' title="bbox 192 1034 994 1101; baseline 0.001 -16"><span class='ocrx_word' id='word_1_94' title='bbox 192 1035 330 1094; x_wconf 79' lang='lat' dir='ltr'><strong>lerenturi</strong></span> <span class='ocrx_word' id='word_1_95' title='bbox 348 1034 417 1095; x_wconf 76' lang='lat' dir='ltr'><strong>Quis</strong></span> <span class='ocrx_word' id='word_1_96' title='bbox 429 1034 644 1095; x_wconf 74' lang='lat' dir='ltr'><strong>Quinctilianum¹</strong></span> <span class='ocrx_word' id='word_1_97' title='bbox 656 1048 691 1084; x_wconf 84' lang='lat' dir='ltr'><strong>ex</strong></span> <span class='ocrx_word' id='word_1_98' title='bbox 700 1034 835 1101; x_wconf 79' lang='lat' dir='ltr'><strong>Hispania</strong></span> <span class='ocrx_word' id='word_1_99' title='bbox 846 1036 994 1086; x_wconf 86' lang='lat' dir='ltr'><strong>oriundum</strong></span> 
     </span>
     <span class='ocr_line' id='line_1_15' title="bbox 191 1100 994 1167; baseline 0.002 -15"><span class='ocrx_word' id='word_1_100' title='bbox 191 1101 281 1155; x_wconf 81' lang='lat' dir='ltr'><strong>ruisse</strong></span> <span class='ocrx_word' id='word_1_101' title='bbox 292 1101 398 1154; x_wconf 79' lang='lat' dir='ltr'><strong>nesciri</strong></span> <span class='ocrx_word' id='word_1_102' title='bbox 412 1108 440 1152; x_wconf 85' lang='lat' dir='ltr'><strong>at</strong></span> <span class='ocrx_word' id='word_1_103' title='bbox 449 1103 474 1152; x_wconf 93' lang='lat' dir='ltr'><strong>is</strong></span> <span class='ocrx_word' id='word_1_104' title='bbox 485 1107 514 1152; x_wconf 88' lang='lat' dir='ltr'><strong>et</strong></span> <span class='ocrx_word' id='word_1_105' title='bbox 525 1115 575 1167; x_wconf 84' lang='lat' dir='ltr'><strong>per</strong></span> <span class='ocrx_word' id='word_1_106' title='bbox 584 1100 683 1167; x_wconf 78' lang='lat' dir='ltr'><strong>viginti</strong></span> <span class='ocrx_word' id='word_1_107' title='bbox 694 1115 780 1152; x_wconf 83' lang='lat' dir='ltr'><strong>annos</strong></span> <span class='ocrx_word' id='word_1_108' title='bbox 791 1101 942 1154; x_wconf 85' lang='lat' dir='ltr'><strong>Romanam</strong></span> <span class='ocrx_word' id='word_1_109' title='bbox 953 1105 994 1154; x_wconf 88' lang='lat' dir='ltr'><strong>iu·</strong></span> 
     </span>
     <span class='ocr_line' id='line_1_16' title="bbox 194 1165 994 1236; baseline 0.005 -18"><span class='ocrx_word' id='word_1_110' title='bbox 194 1175 334 1220; x_wconf 82' lang='lat' dir='ltr'><strong>rentutern</strong></span> <span class='ocrx_word' id='word_1_111' title='bbox 345 1169 456 1236; x_wconf 90' lang='lat' dir='ltr'><strong>publice</strong></span> <span class='ocrx_word' id='word_1_112' title='bbox 467 1168 563 1220; x_wconf 89' lang='lat' dir='ltr'><strong>docuit</strong></span> <span class='ocrx_word' id='word_1_113' title='bbox 573 1174 615 1228; x_wconf 91' lang='lat' dir='ltr'><strong>et,</strong></span> <span class='ocrx_word' id='word_1_114' title='bbox 629 1165 712 1218; x_wconf 91' lang='lat' dir='ltr'><strong>homo</strong></span> <span class='ocrx_word' id='word_1_115' title='bbox 721 1167 863 1234; x_wconf 85' lang='lat' dir='ltr'><strong>Hispanus</strong></span> <span class='ocrx_word' id='word_1_116' title='bbox 870 1206 878 1232; x_wconf 91' lang='lat'>‚</span> <span class='ocrx_word' id='word_1_117' title='bbox 894 1185 994 1222; x_wconf 87' lang='lat' dir='ltr'><strong>consu·</strong></span> 
     </span>
    </p>
   </div>
   <div class='ocr_carea' id='block_1_5' title="bbox 177 1234 1059 1304">
    <p class='ocr_par' dir='ltr' id='par_1_5' title="bbox 177 1234 1059 1304">
     <span class='ocr_line' id='line_1_17' title="bbox 177 1234 1059 1304; baseline 0.002 -18"><span class='ocrx_word' id='word_1_118' title='bbox 177 1262 181 1270; x_wconf 80' lang='lat'><em>‚</em></span> <span class='ocrx_word' id='word_1_119' title='bbox 193 1235 264 1294; x_wconf 79' lang='lat' dir='ltr'><strong>laria</strong></span> <span class='ocrx_word' id='word_1_120' title='bbox 273 1237 377 1288; x_wconf 87' lang='lat' dir='ltr'><strong>Romae</strong></span> <span class='ocrx_word' id='word_1_121' title='bbox 389 1241 551 1288; x_wconf 84' lang='lat' dir='ltr'><strong>ornamenta</strong></span> <span class='ocrx_word' id='word_1_122' title='bbox 560 1234 676 1286; x_wconf 84' lang='lat' dir='ltr'><strong>sortitus</strong></span> <span class='ocrx_word' id='word_1_123' title='bbox 687 1243 737 1286; x_wconf 87' lang='lat' dir='ltr'><strong>est.</strong></span> <span class='ocrx_word' id='word_1_124' title='bbox 752 1237 791 1288; x_wconf 84' lang='lat' dir='ltr'><strong>Ac</strong></span> <span class='ocrx_word' id='word_1_125' title='bbox 802 1251 836 1300; x_wconf 79' lang='lat' dir='ltr'><strong>ne</strong></span> <span class='ocrx_word' id='word_1_126' title='bbox 848 1239 908 1304; x_wconf 89' lang='lat' dir='ltr'><strong>quis</strong></span> <span class='ocrx_word' id='word_1_127' title='bbox 920 1236 995 1288; x_wconf 81' lang='lat' dir='ltr'><strong>forte</strong></span> <span class='ocrx_word' id='word_1_128' title='bbox 1058 1241 1059 1246; x_wconf 78' lang='grc'>’</span> 
     </span>
    </p>
   </div>
   <div class='ocr_carea' id='block_1_6' title="bbox 195 1299 994 1362">
    <p class='ocr_par' dir='ltr' id='par_1_6' title="bbox 195 1299 994 1362">
     <span class='ocr_line' id='line_1_18' title="bbox 195 1299 994 1362; baseline -0.003 -6"><span class='ocrx_word' id='word_1_129' title='bbox 195 1306 298 1362; x_wconf 80' lang='lat' dir='ltr'><strong>nostris</strong></span> <span class='ocrx_word' id='word_1_130' title='bbox 314 1303 471 1356; x_wconf 87' lang='lat' dir='ltr'><strong>hominibus</strong></span> <span class='ocrx_word' id='word_1_131' title='bbox 485 1303 568 1352; x_wconf 87' lang='lat' dir='ltr'><strong>istam</strong></span> <span class='ocrx_word' id='word_1_132' title='bbox 583 1301 683 1351; x_wconf 89' lang='lat' dir='ltr'><strong>summi</strong></span> <span class='ocrx_word' id='word_1_133' title='bbox 696 1299 811 1354; x_wconf 89' lang='lat' dir='ltr'><strong>honoris</strong></span> <span class='ocrx_word' id='word_1_134' title='bbox 822 1305 892 1354; x_wconf 87' lang='lat' dir='ltr'><strong>viam</strong></span> <span class='ocrx_word' id='word_1_135' title='bbox 904 1305 994 1355; x_wconf 89' lang='lat' dir='ltr'><strong>minus</strong></span> 
     </span>
    </p>
   </div>
   <div class='ocr_carea' id='block_1_7' title="bbox 194 1367 1059 1488">
    <p class='ocr_par' dir='ltr' id='par_1_7' title="bbox 194 1367 1059 1488">
     <span class='ocr_line' id='line_1_19' title="bbox 194 1367 1059 1488; baseline 0 -66"><span class='ocrx_word' id='word_1_136' title='bbox 194 1372 318 1488; x_wconf 52' lang='lat' dir='ltr'><strong>patuisse</strong></span> <span class='ocrx_word' id='word_1_137' title='bbox 329 1387 410 1440; x_wconf 88' lang='lat' dir='ltr'><strong>quam</strong></span> <span class='ocrx_word' id='word_1_138' title='bbox 421 1370 553 1434; x_wconf 84' lang='lat' dir='ltr'><strong>Hispanis</strong></span> <span class='ocrx_word' id='word_1_139' title='bbox 567 1373 658 1434; x_wconf 88' lang='lat' dir='ltr'><strong>putet,</strong></span> <span class='ocrx_word' id='word_1_140' title='bbox 673 1367 790 1422; x_wconf 85' lang='lat' dir='ltr'><strong>eundem</strong></span> <span class='ocrx_word' id='word_1_141' title='bbox 805 1377 849 1427; x_wconf 78' lang='lat' dir='ltr'><strong>est</strong></span> <span class='ocrx_word' id='word_1_142' title='bbox 862 1369 996 1422; x_wconf 84' lang='lat' dir='ltr'><strong>honorem</strong></span> <span class='ocrx_word' id='word_1_143' title='bbox 1058 1379 1059 1422; x_wconf 83' lang='lat' dir='ltr'><strong>l</strong></span> 
     </span>
    </p>
   </div>
   <div class='ocr_carea' id='block_1_8' title="bbox 194 1434 996 1755">
    <p class='ocr_par' dir='ltr' id='par_1_8' title="bbox 194 1434 996 1755">
     <span class='ocr_line' id='line_1_20' title="bbox 219 1434 996 1506; baseline -0.001 -17"><span class='ocrx_word' id='word_1_144' title='bbox 219 1439 405 1506; x_wconf 84' lang='lat' dir='ltr'><strong>urdigalensis</strong></span> <span class='ocrx_word' id='word_1_145' title='bbox 419 1434 599 1503; x_wconf 80' lang='lat' dir='ltr'><strong>Ausonius†)</strong></span> <span class='ocrx_word' id='word_1_146' title='bbox 620 1434 747 1494; x_wconf 69' lang='lat' dir='ltr'><strong>Gratiani</strong></span> <span class='ocrx_word' id='word_1_147' title='bbox 768 1438 900 1504; x_wconf 83' lang='lat' dir='ltr'><strong>principis</strong></span> <span class='ocrx_word' id='word_1_148' title='bbox 925 1452 942 1488; x_wconf 83' lang='lat' dir='ltr'><strong>a</strong></span> <span class='ocrx_word' id='word_1_149' title='bbox 964 1453 996 1488; x_wconf 87' lang='lat' dir='ltr'><strong>se</strong></span> 
     </span>
     <span class='ocr_line' id='line_1_21' title="bbox 195 1500 993 1558; baseline 0 -2"><span class='ocrx_word' id='word_1_150' title='bbox 195 1507 298 1557; x_wconf 85' lang='lat' dir='ltr'><strong>eruditi</strong></span> <span class='ocrx_word' id='word_1_151' title='bbox 308 1503 445 1558; x_wconf 77' lang='lat' dir='ltr'><strong>beneficio</strong></span> <span class='ocrx_word' id='word_1_152' title='bbox 457 1507 633 1554; x_wconf 79' lang='lat' dir='ltr'><strong>corrsecutus.</strong></span> <span class='ocrx_word' id='word_1_153' title='bbox 670 1501 693 1552; x_wconf 92' lang='lat'>0</span> <span class='ocrx_word' id='word_1_154' title='bbox 707 1500 917 1558; x_wconf 79' lang='lat' dir='ltr'><strong>Atheniensium</strong></span> <span class='ocrx_word' id='word_1_155' title='bbox 928 1505 993 1556; x_wconf 85' lang='lat' dir='ltr'><strong>ciri·</strong></span> 
     </span>
     <span class='ocr_line' id='line_1_22' title="bbox 195 1568 996 1635; baseline -0.001 -12"><span class='ocrx_word' id='word_1_156' title='bbox 195 1579 250 1634; x_wconf 84' lang='lat' dir='ltr'><strong>tas,</strong></span> <span class='ocrx_word' id='word_1_157' title='bbox 269 1571 447 1624; x_wconf 81' lang='lat' dir='ltr'><strong>humanitatis</strong></span> <span class='ocrx_word' id='word_1_158' title='bbox 466 1582 581 1635; x_wconf 84' lang='lat' dir='ltr'><strong>parens,</strong></span> <span class='ocrx_word' id='word_1_159' title='bbox 602 1568 735 1622; x_wconf 88' lang='lat' dir='ltr'><strong>bonarum</strong></span> <span class='ocrx_word' id='word_1_160' title='bbox 752 1573 873 1624; x_wconf 90' lang='lat' dir='ltr'><strong>omnium</strong></span> <span class='ocrx_word' id='word_1_161' title='bbox 892 1573 996 1623; x_wconf 86' lang='lat' dir='ltr'><strong>artium</strong></span> 
     </span>
     <span class='ocr_line' id='line_1_23' title="bbox 194 1637 994 1755; baseline -0.001 -65"><span class='ocrx_word' id='word_1_162' title='bbox 194 1637 440 1705; x_wconf 83' lang='lat' dir='ltr'><strong>procreatrix††),</strong></span> <span class='ocrx_word' id='word_1_163' title='bbox 461 1641 591 1755; x_wconf 65' lang='lat' dir='ltr'><strong>poantum</strong></span> <span class='ocrx_word' id='word_1_164' title='bbox 607 1642 638 1687; x_wconf 89' lang='lat' dir='ltr'><strong>tu</strong></span> <span class='ocrx_word' id='word_1_165' title='bbox 652 1651 669 1688; x_wconf 84' lang='lat' dir='ltr'><strong>a</strong></span> <span class='ocrx_word' id='word_1_166' title='bbox 682 1639 891 1704; x_wconf 86' lang='lat' dir='ltr'><strong>peregrinorum</strong></span> <span class='ocrx_word' id='word_1_167' title='bbox 907 1637 994 1690; x_wconf 89' lang='lat' dir='ltr'><strong>homi-</strong></span> 
     </span>
    </p>
   </div>
   <div class='ocr_carea' id='block_1_9' title="bbox 193 1702 1059 1772">
    <p class='ocr_par' dir='ltr' id='par_1_9' title="bbox 193 1702 1059 1772">
     <span class='ocr_line' id='line_1_24' title="bbox 193 1702 1059 1772; baseline -0.001 -14"><span class='ocrx_word' id='word_1_168' title='bbox 193 1722 256 1758; x_wconf 86' lang='lat' dir='ltr'><strong>num</strong></span> <span class='ocrx_word' id='word_1_169' title='bbox 269 1705 334 1756; x_wconf 89' lang='lat' dir='ltr'><strong>odio</strong></span> <span class='ocrx_word' id='word_1_170' title='bbox 346 1703 462 1755; x_wconf 79' lang='lat' dir='ltr'><strong>abfuisti</strong></span> <span class='ocrx_word' id='word_1_171' title='bbox 484 1708 514 1754; x_wconf 83' lang='lat' dir='ltr'><strong>tu</strong></span> <span class='ocrx_word' id='word_1_172' title='bbox 523 1702 695 1769; x_wconf 81' lang='lat' dir='ltr'><strong>Apollodoro</strong></span> <span class='ocrx_word' id='word_1_173' title='bbox 704 1705 855 1772; x_wconf 77' lang='lat' dir='ltr'><strong>cyziceno,</strong></span> <span class='ocrx_word' id='word_1_174' title='bbox 866 1712 896 1756; x_wconf 92' lang='lat' dir='ltr'><strong>tu</strong></span> <span class='ocrx_word' id='word_1_175' title='bbox 905 1707 994 1758; x_wconf 80' lang='lat' dir='ltr'><strong>liern-</strong></span> <span class='ocrx_word' id='word_1_176' title='bbox 1058 1747 1059 1762; x_wconf 65' lang='grc'>,</span> 
     </span>
    </p>
   </div>
   <div class='ocr_carea' id='block_1_10' title="bbox 192 1770 994 1850">
    <p class='ocr_par' dir='ltr' id='par_1_10' title="bbox 192 1770 994 1850">
     <span class='ocr_line' id='line_1_25' title="bbox 192 1770 994 1850; baseline 0 -26"><span class='ocrx_word' id='word_1_177' title='bbox 192 1772 261 1824; x_wconf 83' lang='lat' dir='ltr'><strong>elidi</strong></span> <span class='ocrx_word' id='word_1_178' title='bbox 273 1771 466 1834; x_wconf 80' lang='lat' dir='ltr'><strong>Clazomenio,</strong></span> <span class='ocrx_word' id='word_1_179' title='bbox 482 1778 513 1822; x_wconf 91' lang='lat' dir='ltr'><strong>tu</strong></span> <span class='ocrx_word' id='word_1_180' title='bbox 524 1770 587 1823; x_wconf 89' lang='lat' dir='ltr'><strong>aliis</strong></span> <span class='ocrx_word' id='word_1_181' title='bbox 602 1773 758 1850; x_wconf 72' lang='lat' dir='ltr'><strong>peregrinis</strong></span> <span class='ocrx_word' id='word_1_182' title='bbox 773 1774 994 1848; x_wconf 83' lang='lat' dir='ltr'><strong>quamplurimis</strong></span> 
     </span>
    </p>
   </div>
   <div class='ocr_carea' id='block_1_11' title="bbox 1050 1299 1059 1474">
    <p class='ocr_par' dir='ltr' id='par_1_11' title="bbox 1050 1299 1059 1474">
     <span class='ocr_line' id='line_1_26' title="bbox 1050 1299 1059 1354; baseline 0 0"><span class='ocrx_word' id='word_1_183' title='bbox 1050 1299 1059 1354; x_wconf 73' lang='lat' dir='ltr'><strong>l</strong></span> 
     </span>
     <span class='ocr_line' id='line_1_27' title="bbox 1058 1433 1059 1474; baseline 0 0"><span class='ocrx_word' id='word_1_184' title='bbox 1058 1433 1059 1474; x_wconf 84' lang='lat' dir='ltr'><strong>l</strong></span> 
     </span>
    </p>
   </div>
   <div class='ocr_carea' id='block_1_12' title="bbox 1055 1645 1059 1734">
    <p class='ocr_par' dir='ltr' id='par_1_12' title="bbox 1055 1645 1059 1734">
     <span class='ocr_line' id='line_1_28' title="bbox 1055 1645 1059 1734; baseline 0 0"><span class='ocrx_word' id='word_1_185' title='bbox 1055 1645 1059 1734; x_wconf 83' lang='lat' dir='ltr'><strong>l</strong></span> 
     </span>
    </p>
   </div>
   <div class='ocr_carea' id='block_1_13' title="bbox 191 1837 1059 1906">
    <p class='ocr_par' dir='ltr' id='par_1_13' title="bbox 191 1837 1059 1906">
     <span class='ocr_line' id='line_1_29' title="bbox 191 1837 1059 1906; baseline 0.003 -17"><span class='ocrx_word' id='word_1_186' title='bbox 191 1837 362 1904; x_wconf 86' lang='lat' dir='ltr'><strong>reipublicae</strong></span> <span class='ocrx_word' id='word_1_187' title='bbox 382 1853 515 1890; x_wconf 89' lang='lat' dir='ltr'><strong>summam</strong></span> <span class='ocrx_word' id='word_1_188' title='bbox 538 1854 737 1906; x_wconf 81' lang='lat' dir='ltr'><strong>saepenumero</strong></span> <span class='ocrx_word' id='word_1_189' title='bbox 763 1840 916 1892; x_wconf 79' lang='lat' dir='ltr'><strong>credidisti.</strong></span> <span class='ocrx_word' id='word_1_190' title='bbox 959 1841 996 1892; x_wconf 87' lang='lat' dir='ltr'><strong>Et</strong></span> <span class='ocrx_word' id='word_1_191' title='bbox 1055 1883 1059 1900; x_wconf 33' lang='lat' dir='ltr'><strong>s</strong></span> 
     </span>
    </p>
   </div>
   <div class='ocr_carea' id='block_1_14' title="bbox 191 1906 995 2106">
    <p class='ocr_par' dir='ltr' id='par_1_14' title="bbox 191 1906 995 2106">
     <span class='ocr_line' id='line_1_30' title="bbox 192 1906 994 1973; baseline 0.009 -20"><span class='ocrx_word' id='word_1_192' title='bbox 192 1906 337 1969; x_wconf 85' lang='lat' dir='ltr'><strong>qnisquam</strong></span> <span class='ocrx_word' id='word_1_193' title='bbox 356 1906 523 1972; x_wconf 83' lang='lat' dir='ltr'><strong>reperietur,</strong></span> <span class='ocrx_word' id='word_1_194' title='bbox 544 1906 605 1973; x_wconf 90' lang='lat' dir='ltr'><strong>qui,</strong></span> <span class='ocrx_word' id='word_1_195' title='bbox 625 1923 686 1958; x_wconf 84' lang='lat' dir='ltr'><strong>curn</strong></span> <span class='ocrx_word' id='word_1_196' title='bbox 704 1909 903 1968; x_wconf 83' lang='lat' dir='ltr'><strong>Romanorum,</strong></span> <span class='ocrx_word' id='word_1_197' title='bbox 932 1920 994 1960; x_wconf 89' lang='lat' dir='ltr'><strong>cum</strong></span> 
     </span>
     <span class='ocr_line' id='line_1_31' title="bbox 191 1969 995 2044; baseline 0.004 -22"><span class='ocrx_word' id='word_1_198' title='bbox 191 1969 399 2024; x_wconf 74' lang='lat' dir='ltr'><strong>Atheniensium</strong></span> <span class='ocrx_word' id='word_1_199' title='bbox 419 1989 488 2044; x_wconf 81' lang='lat' dir='ltr'><strong>gens</strong></span> <span class='ocrx_word' id='word_1_200' title='bbox 509 1987 616 2036; x_wconf 78' lang='lat' dir='ltr'><strong>opines,</strong></span> <span class='ocrx_word' id='word_1_201' title='bbox 636 1975 664 2024; x_wconf 90' lang='lat' dir='ltr'><strong>in</strong></span> <span class='ocrx_word' id='word_1_202' title='bbox 684 1973 782 2037; x_wconf 91' lang='lat' dir='ltr'><strong>quibus</strong></span> <span class='ocrx_word' id='word_1_203' title='bbox 802 1977 878 2020; x_wconf 84' lang='lat' dir='ltr'><strong>esset</strong></span> <span class='ocrx_word' id='word_1_204' title='bbox 896 1973 995 2042; x_wconf 82' lang='lat' dir='ltr'><strong>aliqua</strong></span> 
     </span>
     <span class='ocr_line' id='line_1_32' title="bbox 191 2036 994 2106; baseline 0.001 -18"><span class='ocrx_word' id='word_1_205' title='bbox 191 2037 293 2099; x_wconf 81' lang='lat' dir='ltr'><strong>virtus,</strong></span> <span class='ocrx_word' id='word_1_206' title='bbox 322 2055 460 2106; x_wconf 85' lang='lat' dir='ltr'><strong>nunquam</strong></span> <span class='ocrx_word' id='word_1_207' title='bbox 483 2055 539 2091; x_wconf 92' lang='lat' dir='ltr'><strong>nnn</strong></span> <span class='ocrx_word' id='word_1_208' title='bbox 562 2039 757 2090; x_wconf 79' lang='lat' dir='ltr'><strong>humanissime</strong></span> <span class='ocrx_word' id='word_1_209' title='bbox 776 2036 924 2099; x_wconf 85' lang='lat' dir='ltr'><strong>complexa</strong></span> <span class='ocrx_word' id='word_1_210' title='bbox 944 2044 994 2095; x_wconf 80' lang='lat' dir='ltr'><strong>sits</strong></span> 
     </span>
    </p>
   </div>
   <div class='ocr_carea' id='block_1_15' title="bbox 147 2101 1059 2242">
    <p class='ocr_par' dir='ltr' id='par_1_15' title="bbox 147 2101 1059 2252">
     <span class='ocr_line' id='line_1_33' title="bbox 147 2101 1059 2176; baseline -0.008 -19"><span class='ocrx_word' id='word_1_211' title='bbox 147 2149 152 2157; x_wconf 26' lang='lat' dir='ltr'><strong>r</strong></span> <span class='ocrx_word' id='word_1_212' title='bbox 191 2103 365 2157; x_wconf 86' lang='lat' dir='ltr'><strong>Venetorum</strong></span> <span class='ocrx_word' id='word_1_213' title='bbox 373 2108 582 2176; x_wconf 88' lang='lat' dir='ltr'><strong>rempublicam,</strong></span> <span class='ocrx_word' id='word_1_214' title='bbox 597 2115 666 2168; x_wconf 88' lang='lat' dir='ltr'><strong>quae</strong></span> <span class='ocrx_word' id='word_1_215' title='bbox 678 2101 766 2152; x_wconf 89' lang='lat' dir='ltr'><strong>ethac</strong></span> <span class='ocrx_word' id='word_1_216' title='bbox 778 2105 807 2150; x_wconf 86' lang='lat' dir='ltr'><strong>et</strong></span> <span class='ocrx_word' id='word_1_217' title='bbox 817 2104 919 2153; x_wconf 87' lang='lat' dir='ltr'><strong>ceteris</strong></span> <span class='ocrx_word' id='word_1_218' title='bbox 934 2105 994 2160; x_wconf 71' lang='lat' dir='ltr'><strong>lau.</strong></span> <span class='ocrx_word' id='word_1_219' title='bbox 1058 2147 1059 2150; x_wconf 76' lang='grc'>,</span> 
     </span>
     <span class='ocr_line' id='line_1_34' title="bbox 192 2165 994 2242; baseline -0.002 -19"><span class='ocrx_word' id='word_1_220' title='bbox 192 2170 273 2226; x_wconf 90' lang='lat' dir='ltr'><strong>dibus</strong></span> <span class='ocrx_word' id='word_1_221' title='bbox 288 2187 384 2228; x_wconf 89' lang='lat' dir='ltr'><strong>omnes</strong></span> <span class='ocrx_word' id='word_1_222' title='bbox 398 2174 571 2242; x_wconf 87' lang='lat' dir='ltr'><strong>superiorum</strong></span> <span class='ocrx_word' id='word_1_223' title='bbox 587 2176 740 2236; x_wconf 85' lang='lat' dir='ltr'><strong>temporum</strong></span> <span class='ocrx_word' id='word_1_224' title='bbox 753 2165 926 2236; x_wconf 85' lang='lat' dir='ltr'><strong>respublicas</strong></span> <span class='ocrx_word' id='word_1_225' title='bbox 938 2188 994 2227; x_wconf 75' lang='lat' dir='ltr'><strong>uns</strong></span> 
     </span>
    </p>
   </div>
   <div class='ocr_carea' id='block_1_16' title="bbox 237 2311 869 2423">
    <p class='ocr_par' dir='ltr' id='par_1_16' title="bbox 237 2311 869 2423">
     <span class='ocr_line' id='line_1_35' title="bbox 237 2311 492 2370; baseline -0.027 -10"><span class='ocrx_word' id='word_1_226' title='bbox 237 2313 259 2370; x_wconf 75' lang='lat'><strong>⁸)</strong></span> <span class='ocrx_word' id='word_1_227' title='bbox 268 2311 369 2359; x_wconf 82' lang='lat' dir='ltr'><strong>Iovsnsl.</strong></span> <span class='ocrx_word' id='word_1_228' title='bbox 380 2313 433 2358; x_wconf 82' lang='lat' dir='ltr'><strong>XV.</strong></span> <span class='ocrx_word' id='word_1_229' title='bbox 444 2317 492 2355; x_wconf 89' lang='lat' dir='ltr'><strong>lli.</strong></span> 
     </span>
     <span class='ocr_line' id='line_1_36' title="bbox 305 2361 869 2423; baseline -0.014 -8"><span class='ocrx_word' id='word_1_230' title='bbox 305 2371 385 2414; x_wconf 74' lang='lat' dir='ltr'><strong>Gallia</strong></span> <span class='ocrx_word' id='word_1_231' title='bbox 394 2369 530 2412; x_wconf 80' lang='lat' dir='ltr'><strong>caussidirnr</strong></span> <span class='ocrx_word' id='word_1_232' title='bbox 542 2361 732 2423; x_wconf 79' lang='lat' dir='ltr'><strong>detuitsncrmrln</strong></span> <span class='ocrx_word' id='word_1_233' title='bbox 740 2365 869 2409; x_wconf 77' lang='lat' dir='ltr'><strong>Britannos.</strong></span> 
     </span>
    </p>
   </div>
   <div class='ocr_carea' id='block_1_17' title="bbox 155 2421 985 2706">
    <p class='ocr_par' dir='ltr' id='par_1_17' title="bbox 229 2421 913 2484">
     <span class='ocr_line' id='line_1_37' title="bbox 229 2421 913 2484; baseline -0.007 -15"><span class='ocrx_word' id='word_1_234' title='bbox 229 2425 260 2480; x_wconf 78' lang='lat'><strong>⁸¹)</strong></span> <span class='ocrx_word' id='word_1_235' title='bbox 272 2425 326 2470; x_wconf 89' lang='lat' dir='ltr'><strong>Non</strong></span> <span class='ocrx_word' id='word_1_236' title='bbox 335 2425 380 2468; x_wconf 81' lang='lat' dir='ltr'><strong>fnit</strong></span> <span class='ocrx_word' id='word_1_237' title='bbox 390 2423 479 2466; x_wconf 82' lang='lat' dir='ltr'><strong>Plotius</strong></span> <span class='ocrx_word' id='word_1_238' title='bbox 491 2421 607 2464; x_wconf 78' lang='lat' dir='ltr'><strong>Ciceronis</strong></span> <span class='ocrx_word' id='word_1_239' title='bbox 618 2423 731 2474; x_wconf 75' lang='lat' dir='ltr'><strong>magister.</strong></span> <span class='ocrx_word' id='word_1_240' title='bbox 746 2421 781 2466; x_wconf 76' lang='lat' dir='ltr'><strong>Cf.</strong></span> <span class='ocrx_word' id='word_1_241' title='bbox 792 2421 913 2484; x_wconf 63' lang='lat' dir='ltr'><strong>resistendo.x</strong></span> 
     </span>
    </p>

    <p class='ocr_par' dir='ltr' id='par_1_18' title="bbox 218 2474 840 2536">
     <span class='ocr_line' id='line_1_38' title="bbox 218 2474 840 2536; baseline 0 -14"><span class='ocrx_word' id='word_1_242' title='bbox 218 2485 259 2536; x_wconf 59' lang='grc' dir='ltr'><strong>ΙΙυ)</strong></span> <span class='ocrx_word' id='word_1_243' title='bbox 271 2482 319 2522; x_wconf 86' lang='lat' dir='ltr'><strong>Cic.</strong></span> <span class='ocrx_word' id='word_1_244' title='bbox 329 2493 371 2534; x_wconf 84' lang='lat' dir='ltr'><strong>pre</strong></span> <span class='ocrx_word' id='word_1_245' title='bbox 382 2479 488 2526; x_wconf 78' lang='lat' dir='ltr'><strong>Quinctio</strong></span> <span class='ocrx_word' id='word_1_246' title='bbox 498 2483 532 2521; x_wconf 87' lang='grc'><strong>22.</strong></span> <span class='ocrx_word' id='word_1_247' title='bbox 544 2477 564 2531; x_wconf 61' lang='grc' dir='ltr'><strong>ἦ.</strong></span> <span class='ocrx_word' id='word_1_248' title='bbox 574 2483 586 2522; x_wconf 80' lang='lat' dir='ltr'><strong>l</strong></span> <span class='ocrx_word' id='word_1_249' title='bbox 591 2483 609 2521; x_wconf 81' lang='lat'><strong>1.</strong></span> <span class='ocrx_word' id='word_1_250' title='bbox 619 2477 648 2522; x_wconf 79' lang='lat' dir='ltr'><strong>N.</strong></span> <span class='ocrx_word' id='word_1_251' title='bbox 659 2475 688 2520; x_wconf 85' lang='lat' dir='ltr'><strong>D.</strong></span> <span class='ocrx_word' id='word_1_252' title='bbox 699 2474 719 2520; x_wconf 90' lang='grc' dir='ltr'><strong>Ι.</strong></span> <span class='ocrx_word' id='word_1_253' title='bbox 730 2483 764 2522; x_wconf 85' lang='grc'><strong>29.</strong></span> <span class='ocrx_word' id='word_1_254' title='bbox 775 2481 795 2534; x_wconf 71' lang='grc' dir='ltr'><strong>ξ.</strong></span> <span class='ocrx_word' id='word_1_255' title='bbox 805 2483 840 2522; x_wconf 84' lang='grc'><strong>82.</strong></span> 
     </span>
    </p>

    <p class='ocr_par' dir='ltr' id='par_1_19' title="bbox 226 2535 816 2592">
     <span class='ocr_line' id='line_1_39' title="bbox 226 2535 816 2592; baseline 0.002 -15"><span class='ocrx_word' id='word_1_256' title='bbox 226 2537 256 2592; x_wconf 91' lang='lat'><strong>†)</strong></span> <span class='ocrx_word' id='word_1_257' title='bbox 268 2535 338 2586; x_wconf 81' lang='lat' dir='ltr'><strong>Cuius</strong></span> <span class='ocrx_word' id='word_1_258' title='bbox 347 2538 425 2576; x_wconf 79' lang='lat' dir='ltr'><strong>exstat</strong></span> <span class='ocrx_word' id='word_1_259' title='bbox 435 2536 557 2587; x_wconf 73' lang='lat' dir='ltr'><strong>gratiarum</strong></span> <span class='ocrx_word' id='word_1_260' title='bbox 568 2537 627 2580; x_wconf 73' lang='lat' dir='ltr'><strong>detio</strong></span> <span class='ocrx_word' id='word_1_261' title='bbox 638 2547 680 2589; x_wconf 88' lang='lat' dir='ltr'><strong>pro</strong></span> <span class='ocrx_word' id='word_1_262' title='bbox 691 2536 816 2580; x_wconf 77' lang='lat' dir='ltr'><strong>consulein.</strong></span> 
     </span>
    </p>

    <p class='ocr_par' dir='ltr' id='par_1_20' title="bbox 155 2589 985 2706">
     <span class='ocr_line' id='line_1_40' title="bbox 155 2589 985 2706; baseline 0 -15"><span class='ocrx_word' id='word_1_263' title='bbox 155 2629 156 2632; x_wconf 63' lang='lat'>‘</span> <span class='ocrx_word' id='word_1_264' title='bbox 189 2589 985 2706; x_wconf 41' lang='lat' dir='ltr'><strong>&amp;delibili-leidis&amp;elhhiilhihiPfil‘¹⁸⁸⁶⁸⁸²¹¹¹¹¹²⁸&#39;‘</strong></span> 
     </span>
    </p>
   </div>
   <div class='ocr_carea' id='block_1_18' title="bbox 0 0 1074 3010">
    <p class='ocr_par' dir='ltr' id='par_1_21' title="bbox 0 0 1074 3010">
     <span class='ocr_line' id='line_1_41' title="bbox 0 0 1074 3010; baseline 0 0"><span class='ocrx_word' id='word_1_265' title='bbox 0 0 1074 3010; x_wconf 95' lang='lat' dir='ltr'><strong> </strong></span> 
     </span>
    </p>
   </div>
  </div>
 </body>
</html>
