2150 3012
187 150 236 202 114
436 103 617 208 x‹rralruo
634 139 718 192 xur.
815 139 823 146 ·

186 245 257 299 felix
267 256 329 294 erse
340 241 421 304 velit,
437 242 581 294 uobiscum
593 256 648 292 una
658 243 796 293 communi
805 240 899 294 studio
910 243 985 295 evol-

187 326 262 372 vere,
273 311 400 376 viarnque
410 309 490 359 vobis
499 309 535 360 ad
545 323 595 358 eos
604 306 715 358 facilius
726 306 939 374 intelligendos,
955 319 988 359 ut

186 384 301 444 potero,
314 377 424 442 praeire
435 375 561 438 decrevi,
574 389 663 442 pauca
676 371 744 425 mihi
757 374 891 440 quaedam
903 374 937 426 de
949 389 985 425 en

187 442 389 504 dicendarum,
404 456 459 492 non
469 448 501 494 ut
510 456 572 492 eum
586 440 708 504 laudem3
727 455 789 490 nam
804 453 865 491 cum
881 441 984 505 ipsese

188 511 256 562 satis
268 511 369 560 tacitus
383 507 521 571 laudavi,
539 521 593 574 ego
607 521 717 574 quoque
732 507 931 571 praestantiam
943 509 984 574 ip·

187 577 245 628 sius
255 577 357 640 tacitus
367 574 496 624 admirari
507 575 593 636 malo,
609 588 690 640 quam
702 579 731 622 et
740 571 884 624 infantiam
894 587 983 623 meam

186 642 305 709 prodere
319 647 347 691 et
356 639 453 690 laudes
466 641 554 705 ipsius
567 640 674 706 ingenii
688 639 769 704 culpa
782 637 922 702 deterere3
933 641 983 690 sed
1067 649 1068 662 ¹

186 709 261 762 otiis
272 721 317 760 res
338 705 464 768 ondeam,
478 707 524 772 qui
536 712 565 756 et
574 706 701 757 Tacitum
712 705 782 755 tanti
792 719 809 754 a
817 719 861 755 me
872 705 942 766 fieri,
953 713 983 755 et

186 789 230 825 me
240 780 296 824 tam
327 774 364 835 iu,
378 777 456 822 tanto
467 772 574 833 studio,
589 779 621 822 ut
631 771 697 822 mihi
709 771 768 822 eius
778 770 887 836 publice
897 772 982 822 inter·

186 839 313 907 pretendi
326 843 450 904 potestas
464 837 556 900 tieret,
573 838 732 904 postulasse
746 837 889 900 mirantur.
923 837 983 890 Ho-

188 907 311 956 diernum
322 911 414 974 autem
424 905 579 956 orationem
591 918 680 954 meam
690 903 751 954 illii
773 903 809 963 si,
824 905 871 970 qui
881 905 981 955 Tacito

188 971 352 1031 obtrectant,
363 970 519 1022 breviorem
529 971 718 1022 reddiderunt.
751 919 821 1020 Ram
831 972 856 1021 si
866 972 982 1022 Tacitus

185 1036 254 1090 mihi
263 1037 416 1088 laudandus
430 1036 544 1099 fuisset,
562 1045 677 1088 necesse
693 1035 849 1086 habuissem
860 1037 983 1105 undique

187 1106 351 1170 conquirere
361 1118 394 1153 ac
408 1105 556 1172 colligere,
572 1117 751 1170 quaecunque
767 1109 876 1154 veteres
890 1117 907 1154 a
920 1117 982 1170 per-

186 1169 261 1222 fecto
273 1168 406 1221 historiae
416 1172 552 1237 scriptore
564 1169 702 1237 exigenda
712 1167 933 1233 essedixissent‚
948 1184 982 1220 ac

185 1237 304 1304 prolatis
316 1237 449 1303 exemplis
466 1237 627 1299 ostendere,
647 1251 681 1286 ea
694 1237 786 1287 eninia
795 1237 921 1286 Tacitum
935 1249 981 1286 cu-

186 1303 369 1356 mulatissime
389 1306 577 1372 praestitisse:
597 1302 671 1371 quod
690 1303 744 1352 etsi
764 1301 982 1354 verissime'iieri
1057 1355 1068 1378 *

185 1377 306 1436 poterat,
316 1377 430 1438 propter
439 1372 527 1438 ipsam
536 1377 628 1421 tanuen
642 1368 843 1419 multitudinem
856 1376 884 1419 et
894 1369 980 1422 varie-

186 1443 271 1488 tatem
282 1439 396 1489 arduum
410 1453 442 1490 ac
456 1437 568 1488 ditlicile
583 1435 692 1486 luisset.
727 1433 805 1486 Nunc
816 1436 907 1486 Taciti
922 1435 980 1503 qui-

186 1503 248 1554 dem
262 1505 375 1556 virtutes
385 1505 484 1556 melius
494 1518 527 1554 ac
536 1501 707 1555 commodius
715 1501 743 1552 in
754 1515 904 1568 progressu
915 1515 978 1568 ope·

185 1571 225 1620 ris
236 1572 360 1639 singulas
370 1570 541 1633 notabimus3
552 1568 635 1619 bodie
645 1567 700 1618 nisi
709 1571 841 1635 temporis
852 1569 978 1620 excluda-

186 1651 247 1688 mur
258 1639 403 1756 anqustiis,
423 1651 512 1704 pauca
529 1641 636 1686 tantum
651 1633 785 1702 quaedam
798 1633 977 1687 refutabimus

185 1715 219 1754 ac
228 1703 300 1755 refel
312 1719 403 1764 emus,
419 1717 489 1770 quae
499 1704 528 1752 iu
538 1715 600 1763 eum
610 1709 714 1752 temere
726 1702 759 1752 ab
769 1702 903 1770 imperitis
913 1716 977 1752 con·
1058 1719 1066 1726 ’

184 1769 233 1820 iici
243 1771 343 1826 solent.
378 1769 504 1835 inprimis
519 1774 612 1819 autem
625 1761 694 1819 illud
707 1769 828 1834 positum
843 1770 890 1830 sit,
907 1782 978 1847 quae

185 1850 290 1890 summa
300 1836 477 1888 scribentium
487 1835 548 1886 laus
560 1842 611 1899 est,
626 1851 686 1886 eam
696 1835 795 1887 Tacito
806 1836 840 1886 ab
852 1836 978 1888 ommbus

183 1914 238 1954 uno
252 1918 302 1955 ore
314 1901 410 1952 tribui:
430 1900 534 1951 nullum
546 1917 666 1968 unquam
681 1905 845 1969 scriptorem
859 1902 976 1969 prudeu·
1065 1913 1066 1942 ἒ

182 1967 283 2035 tiorern
307 1983 340 2018 ac
362 1966 608 2019 consideratiorem
630 1967 731 2030 fuisse;
757 1968 859 2019 siccam
879 1983 912 2019 ac
931 1982 977 2019 sc·

180 2034 269 2085 briam
280 2047 342 2086 esse
353 2032 430 2082 illius
440 2035 605 2098 orationem,
619 2033 780 2084 adstrictam
790 2034 894 2094 verbis,
910 2034 975 2084 den·

180 2114 239 2152 sam
259 2098 418 2160 sententiis3
437 2098 508 2151 nihil
525 2101 554 2149 in
574 2115 608 2150 ea
625 2099 717 2150 notari
734 2113 817 2162 posse
837 2097 974 2162 diffluens,

180 2165 251 2218 nihii
264 2165 359 2225 inane,
374 2161 443 2214 nihil
456 2164 625 2228 redundarem
646 2164 763 2228 singulis
781 2177 864 2227 saepe
880 2163 973 2216 verbis

180 2227 303 2297 singulas
315 2233 467 2282 sententias
477 2231 624 2281 contineri.
641 2229 745 2295 Magna
754 2229 813 2279 liius
824 2235 853 2278 et
863 2243 933 2296 quae
944 2229 972 2281 iu
1062 2231 1063 2234 ’

179 2310 233 2364 quo
244 2298 290 2357 sit,
299 2295 382 2346 facile
393 2297 420 2347 ei
430 2297 499 2348 alias
511 2297 609 2347 deesse
620 2296 743 2376 patiaris.
769 2293 839 2346 Nam
849 2296 916 2346 utin
927 2295 972 2360 iis,

179 2375 249 2427 quae
263 2362 453 2427 possidentur,
473 2379 507 2414 ea
518 2363 628 2430 plurimi
644 2362 728 2424 fiunt,
742 2376 856 2430 quorum
871 2364 972 2431 exigua

177 2427 266 2478 moles
277 2435 329 2491 cst,
339 2430 578 2497 pretiumingens,
595 2437 626 2482 ut
635 2443 742 2491 aurum,
759 2437 788 2482 ut
797 2445 931 2498 gemmae,
941 2439 973 2484 ut

177 2494 208 2546 in
218 2494 287 2548 cibis
296 2497 318 2548 ii
328 2498 447 2550 maxime
457 2498 612 2561 laudantur,
618 2499 665 2565 qui
674 2499 814 2552 minimum
825 2498 971 2551 detrimen-

233 2583 255 2640 ⁸)
270 2587 371 2633 Puerilir
379 2588 442 2635 lunu
454 2590 477 2634 in
486 2567 682 2640 nouissimum
696 2596 730 2642 ita
742 2597 830 2654 placuit
838 2599 935 2648 Murato,
944 2602 970 2640 ut

177 2649 227 2688 mr
236 2644 277 2686 uls
288 2647 398 2690 arationis
405 2648 473 2692 linem
481 2655 604 2706 repetant.
632 2651 723 2698 nutui.

953 2844 955 2852 r
