2090 3002
361 123 513 178 ORATIO
531 123 580 178 Vi.
837 129 869 180 {ri

82 227 228 280 ecludioro
245 225 337 278 studio
351 225 535 292 negligentes.
569 224 642 290 Vos,
663 229 686 278 si
701 237 745 280 me
759 227 875 290 auditio*

82 303 223 362 utrumque
237 299 343 353 curate,
356 299 385 342 et
394 292 457 342 dete
468 305 593 358 operam,
608 298 639 344 ut
648 295 714 345 oiim
726 295 815 346 oratio
826 308 871 346 ve·

80 369 132 412 stra
154 368 183 413 et
203 360 285 426 eopia
304 374 394 409 rerum
413 359 568 423 medeam,
592 359 719 412 ethonis
738 373 771 412 eo
790 361 871 414 leeris

80 427 167 480 verbis
185 431 347 479 constructe
365 425 410 477 sit.
445 424 486 475 Ad
505 431 650 493 utrumque
664 427 744 478 vobis
759 441 871 493 operam

78 509 163 546 meam
177 493 314 560 profiteor
330 497 372 553 et,
391 492 479 560 magis
495 497 527 541 ut
539 507 589 542 vos
606 493 737 554 excitem,
751 507 831 560 quern
841 503 873 546 ut

79 575 118 610 me
129 555 278 620 extolleris,
289 559 345 609 iam
354 573 426 609 nunc
436 557 567 623 praedico
579 571 611 608 ee
621 572 802 625 praemoneo,
817 560 871 611 uisi

80 625 112 677 ud
126 626 245 693 aliquem
259 626 288 676 in
302 622 355 676 hoe
365 637 471 692 genere
478 623 587 674 leudem
597 625 777 690 pervenietis,
793 627 871 679 datu·
890 671 893 676 .

78 707 135 742 rum
143 707 187 744 me
198 703 321 758 operam,
333 698 364 742 ut
374 705 468 741 omnes
480 689 604 742 homines
613 692 783 760 intelligant,
795 691 872 760 quid·

79 759 219 826 rispotius
234 757 326 819 vobis,
341 771 435 824 quum,
450 772 494 808 me
504 757 580 820 rivo,
596 755 767 812 hortatorem
779 775 813 812 ee
823 758 870 810 du-

81 839 135 876 cem
144 827 179 880 ed
190 824 380 890 eloquentium
391 823 524 876 defuisse.

378 960 574 981 *un—uuna

57 1199 60 1206 ’
84 1179 315 1236 ARISTOTELIS
334 1097 532 1234 ΙΛΒΒὲΕυΠἝΞ
550 1181 645 1234 ARTE
664 1181 870 1236 Referemus

227 1264 497 1342 INTERPRETARI
513 1265 717 1318 lNClPERET.

152 1367 558 1444 oenrro
667 1369 797 1443 vri.

113 1511 233 1553 usurus
262 1509 378 1550 noune
404 1509 591 1550 eosrerorr.
618 1499 692 1552 noi.
719 1509 838 1551 usurus

326 1594 625 1634 uonxxvu

115 1645 213 1734 Credo
228 1695 298 1750 ego,
318 1679 473 1742 auditores,
493 1687 615 1732 vestrum
628 1679 776 1748 plerosque
793 1681 873 1730 miru-

87 1744 159 1808 ri**),
177 1761 282 1816 eosque
291 1749 423 1806 maxime,
441 1747 487 1813 qui
498 1763 541 1798 nne
552 1748 707 1801 diutissime
719 1747 872 1806 uudiemne,

88 1812 166 1876 quod,
180 1830 241 1866 eum
255 1813 337 1864 huius
354 1814 416 1863 enni
428 1815 563 1880 principio
579 1815 721 1866 erutiones
731 1812 874 1865 Ciceronis

88 1875 114 1925 in
125 1877 233 1934 Verrem
247 1879 388 1946 explicere
403 1879 546 1946 ingressus
558 1895 661 1943 essem,
678 1880 873 1932 ostendissem·

66 1983 68 1990 .
92 1956 146 2008 que,
159 1963 210 1998 non
221 1949 299 2014 prius
314 1961 358 1996 me
369 1947 545 2006 destiturum,
560 1961 640 2016 quum
656 1963 703 1999 eus
718 1961 812 1998 onmes
827 1947 873 1997 eb·

69 2065 72 2074 ,
92 2007 235 2075 solvissem,
250 2028 323 2064 nune
337 2019 442 2064 mutato
459 2019 570 2078 proeter-
583 2015 741 2082 opinionem
754 2021 873 2068 vestrum

93 2077 210 2140 consilio,
220 2078 380 2132 Aristotelis
394 2079 482 2130 libros
493 2079 527 2130 de
542 2086 601 2133 erte
617 2081 727 2133 dicendi
740 2081 873 2146 interpre-

92 2141 178 2198 &odos
201 2146 380 2212 susceperim.
416 2144 484 2195 Nem
508 2147 654 2199 duodecim
677 2154 752 2200 totos
777 2160 874 2209 annos,

94 2205 177 2267 quinus
189 2211 218 2263 in
233 2211 285 2263 hau
302 2211 368 2262 urbe
382 2211 493 2276 publice
511 2213 608 2276 docui,
623 2227 684 2280 eum
699 2212 874 2266 consuetudi·
915 2261 924 2277 s

95 2281 157 2335 ssim,
171 2285 299 2342 quantum
313 2280 341 2330 in
355 2292 399 2328 nre
414 2277 479 2340 fuit,
498 2281 720 2340 constantissime
730 2282 820 2340 tenui,
833 2286 874 2340 ui,

96 2347 145 2388 euni
155 2343 199 2394 aiii
208 2345 313 2396 ordinis
323 2346 378 2395 mei
386 2342 512 2395 homines
520 2344 579 2396 iere
590 2347 673 2398 tertio
683 2357 873 2414 quoquemen·

97 2407 120 2450 se
130 2420 218 2460 novum
228 2411 332 2480 uliquid
344 2411 530 2476 susciperent,
546 2415 620 2479 quod
629 2413 679 2463 illu
691 2413 788 2462 erebro
801 2423 873 2484 eom-

58 2505 60 2512 ,
97 2474 229 2527 mutatione
244 2477 357 2529 facilius
372 2483 400 2528 et
413 2477 489 2530 ellici
505 2483 533 2529 et
545 2479 661 2531 retineri
675 2478 802 2528 iuvenum
817 2487 872 2522 ens·
894 2515 895 2520 ,

119 2565 144 2645 ⁸¹)
157 2569 245 2618 Podtisu
253 2573 360 2631 loquendi
370 2575 450 2624 forne,
460 2589 505 2622 uun
515 2575 657 2622 imitandum
666 2585 742 2630 prun.
760 2567 850 2613 eninr.

128 2623 145 2675 'i
158 2625 203 2672 cie·
212 2631 322 2685 prolem.
333 2630 408 2677 Amer-
418 2629 438 2686 ᾗ.
446 2636 465 2676 1.
551 2639 554 2654 ¹
620 2649 623 2656 ·
