2120 3018
181 116 213 167 ιι
473 93 628 166 nnnrnb
649 113 686 164 ιι.

179 213 333 266 satellitum
343 214 426 266 turba
438 214 570 281 stipatum
582 212 708 276 videbat,
726 225 816 280 neque
832 219 925 274 tamen
937 216 982 268 its

177 282 333 348 respondit:
353 281 422 342 Quis
441 287 471 330 tu
492 294 535 340 es,
556 279 601 344 qui
615 285 671 330 tam
684 287 733 345 pro
748 279 880 346 imperio,
902 287 934 332 nt
948 289 981 336 te
1036 335 1037 338 ,

178 349 286 401 relictis
306 349 431 400 omnibns
450 359 563 411 sequar,
582 345 677 396 iubesl
697 346 785 406 Quam
804 345 872 397 mihi
891 363 981 413 spem,

177 417 205 469 si
220 415 248 466 ii
267 415 375 475 fecero,
395 413 469 472 ritae
483 411 608 462 melioris
628 409 666 462 ac'
679 413 819 463 nitidioris
839 415 982 467 ostentas!

178 481 257 535 Nihil
269 481 339 540 tale3
354 477 404 529 sed
417 477 468 528 illo
482 477 592 528 (livinae
607 479 685 530 vocis
697 479 825 541 oraculo,
839 487 980 558 tamquam

143 597 153 606 ,
178 546 343 616 penetrabili
362 543 481 610 quodam
494 544 599 608 iaculo,
617 560 705 612 nsque
719 544 754 595 ad
768 547 856 612 ipsam
870 561 980 598 animae

178 613 327 668 medullam
353 611 502 662 transfixus
524 627 558 662 ac
579 609 831 674 transverberatus,
845 609 979 666 'desertis
1036 641 1037 662 ;

179 678 353 748 parentibus,
369 677 479 729 abiecto
494 675 568 728 omni
577 679 759 729 instrumento
771 679 851 740 artis,
866 693 920 744 qus
933 696 979 731 us·

161 768 163 772 ⁴
179 759 232 812 qne
242 744 278 796 ad
290 757 352 795 enm
363 743 436 794 diem
448 745 601 805 vietitarat,
623 744 700 794 nulla
713 744 881 810 interposita
889 759 978 810 mora,

178 817 255 864 tetus
279 809 476 862 ael-Christum
495 817 524 862 et
548 825 665 876 corpore
688 817 718 862 et
742 811 833 872 animo
854 812 976 864 transiit.
1036 817 1037 822 ’

178 877 357 932 iliminnnnt
370 877 511 928 exsiccata
522 877 638 928 materia
650 879 743 944 ignem
759 875 842 930 facile
854 891 979 942 compre·

179 943 288 1006 itendit,
309 943 350 995 sic
365 943 471 995 animus
483 943 533 994 ille
548 944 582 994 ab
596 943 671 994 omni
683 944 809 1012 improba
825 943 977 1009 eupiditate

178 1024 265 1078 purus
284 1025 317 1061 ae
336 1011 427 1062 siccus
451 1011 486 1062 ad
507 1012 662 1062 coniectum
681 1013 791 1061 unicam
803 1010 876 1076 ignis
890 1009 978 1062 divini

179 1077 328 1130 suintillam
339 1084 413 1129 totus
425 1077 536 1130 exarsit.
570 1075 651 1128 Felix
659 1077 788 1143 piscatio,
798 1076 867 1128 felix
876 1075 977 1141 iactus,

170 1144 276 1197 ‘felicia
285 1145 369 1205 retia,
383 1144 483 1210 quibus
494 1144 774 1210 piscatoripsemet*)
789 1151 898 1210 captus,
914 1158 977 1195 eum

177 1211 315 1274 sicinini,
329 1225 347 1260 a
356 1217 515 1278 queeaptus
526 1216 581 1272 est,
595 1211 677 1276 cepit.
705 1211 747 1268 At
760 1225 812 1262 nos
827 1210 932 1272 miseri,
947 1211 977 1262 in

166 1277 272 1329 medie
285 1278 420 1329 eeclesiae
431 1278 537 1346 gremio
547 1277 606 1328 nati
616 1285 698 1343 atque
709 1277 831 1338 edueati,
846 1283 889 1328 tot
899 1277 976 1327 testi·

178 1345 295 1408 moniis,
318 1352 361 1396 tot
378 1345 534 1407 miraculis,
552 1350 597 1395 tot
613 1346 792 1396 sacramentis
812 1343 977 1405 confirmati,

181 1423 262 1480 quam
280 1427 363 1478 saepe
382 1413 493 1462 vocanti
511 1425 562 1462 nes
576 1409 690 1462 Christe
707 1408 878 1462 resistimusl
896 1424 978 1474 qnam

178 1489 264 1546 saepe
279 1480 399 1545 pulsanti
413 1479 505 1530 cerdis
515 1478 608 1528 'nostri
623 1475 701 1528 iures
713 1478 821 1543 aperire
834 1473 978 1536 nolumus}

180 1561 262 1613 qnam
280 1561 363 1613 saepe
383 1561 434 1596 nos
453 1545 503 1597 sub
521 1545 581 1594 alas
598 1559 663 1596 suas
683 1556 854 1610 congregare
867 1542 989 1607 cupiam.

180 1619 237 1664 tem
257 1612 424 1680 relngimusl
440 1612 496 1662 lam
511 1626 587 1662 vern
598 1626 660 1662 cum
678 1624 708 1660 ee
728 1609 909 1674 adoptimum
922 1623 978 1659 rna·

163 1680 298 1758 =gistrnm
319 1679 437 1746 optimus
460 1677 611 1744 discipulus
634 1675 810 1737 contulisset,
834 1676 875 1728 ita
893 1689 923 1726 se
942 1674 979 1726 ad

180 1745 449 1810 ulliusveluntatem
468 1746 655 1805 conformare,
679 1743 720 1792 ita
738 1755 880 1794 terniones
900 1741 978 1793 illius

182 1811 262 1863 aride
276 1809 401 1876 haurire,
419 1814 459 1864 ita
476 1825 511 1864 ex
520 1813 591 1862 nutu
603 1809 679 1860 illius
692 1809 815 1876 pendere
828 1809 933 1874 coepit,
947 1813 979 1858 ut
1036 1853 1037 1856 ,

180 1892 318 1946 nunquam
329 1880 362 1930 ab
373 1883 432 1932 eius
443 1882 530 1932 latera
544 1877 712 1940 discederem
724 1876 794 1928 nihil
803 1876 859 1928 sibi
868 1879 979 1940 praeter

154 1951 166 1970 '·
181 1959 244 1996 enm
253 1946 344 2010 dulee,
355 1946 425 1999 nibil
434 1946 565 2007 amabile,
576 1943 646 1995 nihil
656 1944 838 2010 expetentium
851 1941 978 2003 ducerem

176 2019 289 2063 'onmem
312 2029 402 2080 spem,
426 2027 534 2065 onmem
555 2012 733 2072 suavitatem,
756 2010 839 2059 vitum
857 2004 979 2066 deniqne
1036 2007 1037 2012 ’

179 2081 269 2146 ipsam
282 2081 360 2133 ineo·
370 2081 490 2132 videndo
502 2085 585 2144 etque
598 2076 735 2128 audiendo
748 2073 867 2138 positam
880 2069 979 2122 erede·

178 2153 231 2198 ret.
266 2147 362 2214 ltaque
382 2152 460 2198 tanta
477 2145 531 2196 sibi
544 2157 605 2193 enm
619 2141 734 2192 caritate
749 2136 884 2196 devinxit,
897 2143 927 2188 ut
941 2135 978 2188 ab

170 2221 228 2276 eo,
242 2207 323 2281 qnem
332 2227 411 2264 amer
420 2225 487 2277 erga
496 2205 770 2259 homineshominem
783 2201 902 2264 iecerat,
914 2201 978 2268 ipse

177 2286 272 2332 ‘tamen
291 2279 392 2331 eximie
405 2291 438 2326 ae
451 2273 630 2340 singulariter
648 2283 714 2337 prae
734 2268 978 2340 ceter-isomnibus

179 2347 364 2398 sectatoribus
384 2357 417 2391 ae
433 2340 738 2408 discipulisamaretur.
773 2336 857 2389 Cuius
870 2336 977 2402 praeci·

178 2414 226 2479 pui
240 2412 342 2462 anseris
357 2421 482 2459 caussam
497 2407 621 2476 quamvis
633 2405 771 2473 magnius
785 2404 894 2472 probati
909 2403 978 2456 scri·

177 2563 182 2571 ,
217 2511 237 2563 ⁸)
253 2507 345 2574 Remini
364 2505 422 2562 ipse,
448 2519 514 2561 qnam
533 2512 638 2572 spumet,
655 2492 715 2554 'elleh'
738 2509 872 2549 monuerunt
890 2504 978 2559 passim

178 2563 396 2666 'cissminl'e'rtieiufi't
410 2565 484 2610 tamen
498 2573 559 2627 apud
573 2570 681 2666 plautum
691 2561 804 2620 Amphitr.
814 2560 873 2618 prol.
890 2563 938 2604 10².
952 2565 978 2604 st
