2120 3018
7 2693 11 2726 l

384 183 534 235 oberto
552 181 601 236 vl.
856 188 889 238 53

98 285 261 337 eruditionis
277 299 309 336 ac
321 286 476 350 sapientiae
486 284 657 336 domicilium
672 291 744 346 erat,
764 287 889 339 acutissi-

95 365 201 402 morum
222 350 363 404 hominum
389 353 515 402 subitura
534 351 678 412 iudicium,
705 352 889 404 mitterentur.

96 418 212 470 Constat
230 419 326 478 etiam,
342 419 431 483 ipsum
445 419 499 469 sibi
512 419 592 469 valde
606 419 745 482 placuisse
754 419 783 468 in
797 419 889 470 conle-

95 486 188 536 ctione
199 482 295 535 horum
305 485 451 546 librorum,
467 485 553 550 utqui
566 486 620 536 sibi
630 500 700 536 unus
712 485 814 550 optime
825 501 889 536 con·

94 555 167 602 seius
178 557 254 601 esset
263 565 364 617 operae
373 551 401 600 in
413 553 454 601 eis
464 552 617 604 scribendis
629 551 792 602 collocatae.
820 549 889 601 Nam

94 624 124 668 et
131 619 268 684 principio
280 617 455 668 commendat
465 631 527 678 eos,
541 625 572 668 ut
582 619 617 668 ad
627 617 743 668 Latinae
755 618 889 668 orationis

7 721 9 732 .
93 687 248 736 ubertatem
263 699 296 735 ee
311 685 419 749 copiam
434 683 594 748 profuturos
601 687 613 746 ,’
625 691 653 735 et
671 684 814 746 adfinem,
834 699 889 734 ma·
935 682 938 695 '

47 749 52 758 '
92 765 174 822 gnum
191 765 252 801 ase
266 765 364 800 munus
378 748 480 800 babere
491 751 576 800 lilium
591 750 671 812 dicit,
687 756 715 802 et
724 750 759 800 ad
769 751 889 802 Atticum
982 817 984 820 Ι

90 819 225 879 scribens,
235 815 341 866 bomini
351 815 539 868 eruditissimo
550 822 579 868 et
589 817 684 867 cuiusi
706 832 736 868 se
747 831 830 886 saepe
839 819 888 868 mi·

91 885 212 938 niatulas
227 897 305 934 ceras
324 883 537 945 extimescebat,
556 899 683 950 magnam
715 885 776 934 uius
794 886 888 950 operis

91 949 328 1016 exspectationem
340 949 480 1000 concitare
491 965 545 1002 nou
554 956 673 1001 veretur.
710 949 765 1001 Nea
774 949 831 1014 bic,
847 953 887 1000 in·

91 1019 190 1084 quw),
198 1013 424 1076 φιλοσοφούμεθα,
431 1015 533 1082 —qaa'd
541 1017 609 1068 enine
618 1016 692 1068 aliud
696 1017 708 1068 ,θ
715 1025 777 1067 -et
783 1016 818 1068 τὰ
828 1017 889 1086 περὶ

91 1087 137 1134 τοῦ
150 1081 317 1147 καθήκοντος
330 1080 472 1149 atagaa'flce
483 1083 655 1150 explicamus,
672 1087 887 1152 προςφωνοῦμεν-

91 1166 139 1219 pae
151 1147 277 1201 Ciceroni
281 1166 290 1196 .·
303 1163 355 1214 qua
365 1149 396 1198 de
406 1165 435 1199 re
445 1148 512 1200 caina
520 1149 610 1228 potiar
615 1149 777 1217 paterflla'o?
786 1147 889 1201 Deinde

91 1217 154 1267 alia.
175 1214 265 1278 ¹Quid
283 1213 405 1280 qaaerit?
430 1217 544 1268 exstabat
562 1232 643 1283 opera
662 1216 889 1284 peregrinationis

92 1284 176 1335 batur.
213 1283 252 1332 Ae
264 1295 298 1332 ne
311 1281 372 1349 quis
383 1281 484 1347 ipsius,
495 1285 574 1348 quasi
583 1284 831 1353 Astydamantis**)
844 1300 889 1336 ou·

7 1357 16 1380 ’
89 1351 213 1411 tundam,
236 1348 270 1400 de
290 1364 320 1399 se
339 1349 528 1400 testimonium
547 1349 655 1413 elevare
673 1357 799 1412 conetur,
819 1350 890 1402 sciat

92 1416 143 1468 bos
159 1418 249 1468 libros
269 1423 378 1480 semper
394 1413 482 1466 fuisse
501 1417 530 1468 iu
544 1416 633 1481 prima
650 1415 889 1467 commendatione

92 1483 164 1550 apud
179 1479 401 1548 sapiebtissimos
412 1495 549 1549 quosque,
564 1489 595 1534 ut
608 1489 637 1534 et
650 1487 807 1532 tererentur
822 1485 890 1532 assi·

92 1551 146 1600 due
161 1548 289 1602 manibus
304 1553 333 1598 et
345 1547 510 1614 aplerisque
524 1549 606 1600 etiarn
617 1548 774 1599 adverbum
785 1549 890 1599 edisce·

8 1665 9 1668 ,
86 1623 196 1668 rentur.
232 1615 307 1666 luter
316 1628 386 1681 quos
399 1615 509 1666 minime
523 1615 752 1668 contemnendum
767 1621 810 1666 est
819 1613 889 1666 iudi·
912 1645 920 1650 -

7 1717 9 1720 -
91 1685 162 1734 cium
173 1679 324 1733 Alexandri
335 1680 444 1744 Severi,
458 1681 636 1748 imperatoris
651 1681 746 1747 optimi
760 1689 788 1732 et
798 1681 889 1732 erudi-

90 1750 202 1809 tissimi,
214 1749 248 1798 de
259 1763 313 1814 quo
324 1749 363 1797 ita
373 1749 470 1801 scribit
480 1749 725 1812 Lambridius***)=
739 1747 805 1800 Post
814 1756 888 1800 actae

87 1816 221 1881 publicos,
232 1829 278 1864 aea
288 1814 391 1866 bellicae
408 1831 453 1868 aee
467 1815 567 1877 civiles,
581 1813 688 1867 lecta'am'
698 1815 817 1866 Graecae
828 1829 889 1882 opes

90 1897 149 1934 ram
166 1880 296 1934 maiorem
315 1881 409 1943 dabat,
430 1884 461 1934 de
477 1881 612 1950 republica
625 1883 706 1949 librar
719 1881 840 1932 Platonis
853 1883 886 1934 le·

88 1963 163 2015 gena.
200 1945 302 1997 Latina
320 1963 383 2026 cam·
397 1950 508 2016 legeret,
529 1965 583 2002 aaa
601 1947 655 2000 alia
671 1947 760 2017 ¹magle
773 1949 885 2017 legebat,

7 2065 17 2086 ‚
90 2029 169 2128 {aava
188 2014 220 2064 de
236 2013 334 2081 officiis
350 2013 486 2066 &aaronis
504 2024 531 2066 et
546 2017 577 2068 de
591 2033 621 2066 re
639 2014 734 2068 ablica.
769 2017 806 2066 Ut
819 2015 887 2066 mibi

108 2095 267 2148 aequoque
281 2081 405 2145 perbelle
425 2082 561 2134 cecidisse
579 2083 606 2133 vi
628 2089 717 2143 eatur,
735 2082 809 2150 quod
821 2081 887 2133 'eum

90 2158 160 2198 anno
180 2147 318 2212 superiori
334 2147 420 2199 libros
436 2150 543 2215 aliquot
552 2149 678 2200 Platonis
694 2149 727 2200 de
743 2149 886 2215 republica

88 2211 263 2278 interpretati
277 2211 375 2274 aimus,
391 2214 431 2264 eis
446 2229 518 2266 nunc
531 2215 709 2270 subiiciamus
722 2216 885 2282 interpreta-

88 2277 192 2329 tionem
208 2280 341 2330 librorum
359 2280 503 2333 Ciceronis
521 2282 556 2334 de
574 2282 686 2345 officiis,
708 2283 788 2348 quasi
806 2295 885 2350 praa·

133 2411 154 2464 ¹)
169 2408 207 2452 Ad
216 2409 265 2452 att.
274 2409 329 2454 XV.
342 2414 377 2454 1³.
387 2410 418 2466 (ᾗ.
424 2411 454 2466 t.)
460 2411 601 2458 Miniatulae
610 2425 675 2458 aerae
685 2367 797 2469 (canate)
805 2412 884 2455 iniia-
940 2452 944 2456 .

90 2461 139 2506 dem
150 2463 256 2518 epistolia
266 2470 373 2510 exstant:
385 2467 451 2511 va
463 2473 495 2512 ll.
506 2482 542 2524 pr.

124 2519 156 2574 ¹²)
172 2519 202 2564 Se
210 2522 284 2576 ipmm
293 2527 424 2574 arroganter
431 2522 553 2568 laedentia.
571 2523 662 2566 Tritum
672 2529 722 2568 erat
730 2509 882 2578 proverbium.

239 2573 318 2624 Σιιντὴν
327 2579 414 2622 inuerele
423 2575 485 2624 danao
492 2577 635 2622 Ἀυτυδιίμῆει
649 2578 717 2624 &aa

88 2623 235 2737 Diffijbffl}
243 2628 284 2727 1ξο
283 2627 312 2728 §n
309 2633 357 2732 2³⁰·
353 2632 437 2733 ligaret.
445 2632 501 2678 Ver.
508 2633 572 2676 Lari.
577 2628 644 2674 XVI.
652 2635 689 2677 10.
