2140 3010
349 164 615 221 rosemanus.
836 134 902 222 ror

83 275 191 327 stianae
200 268 350 338 religionis
358 267 464 320 limites
474 267 638 330 extendere,
651 259 749 320 lioster
764 267 887 328 illrusjex

83 343 138 402 eis,
154 354 223 406 quas
236 336 385 403 tyrannide
400 349 551 402 oppressas
562 341 705 396 tenerent,
722 337 886 403 regionibus

81 407 196 474 pellere,
207 404 387 456 barbarorum
395 403 457 469 plue
468 417 550 468 quam
560 401 677 452 ferinam
687 402 885 456 immanitatem

82 473 274 538 comprimere,
288 469 448 536 superbiam
457 469 624 538 deprimere,
638 468 885 522 audaciamretun·

83 541 159 592 dere.
204 541 249 591 Tu
267 537 494 599 Morbassanum,
513 537 667 588 'l'urearum
685 542 833 602 tyrannum
853 553 888 591 eo

81 603 885 674 tempestatepotentissimum,maximoanimoinseetatus,
983 615 986 624 ’

7 669 12 716 3!
82 673 268 725 temeritatem
279 671 412 735 oonsilio,
425 671 535 737 copiam
544 671 657 732 virtute,
669 670 782 736 impiam
792 686 886 738 super·
963 687 967 690 ·

7 735 8 740 ’
83 735 225 792 stitionem
237 753 305 789 nera
319 743 348 788 et
362 737 477 789 minime
485 735 580 788 iocata
589 738 617 787 in
627 737 717 788 Deum
727 739 832 804 pietate
840 754 886 790 su·

7 811 9 848 λ
83 808 195 875 perusti.
229 805 327 872 ltaque
338 819 401 856 oum
409 819 536 870 bragnani
545 803 689 866 Aetoliae,
705 819 833 872 magnam
842 805 885 855 lo·

83 874 147 925 niae
160 879 266 940 partem
281 886 337 922 non
351 876 408 922 tam
419 869 499 922 huius
509 871 679 937 reipublicae
691 886 772 937 quam
782 871 885 923 christi
983 913 985 919 .

84 940 241 992 Serratoris
251 939 340 990 nostri
349 939 467 1004 imperio
479 937 774 1005 adiecisses,Smyr·na,
783 939 884 1007 oppido

83 1007 282 1067 munitissimo,
297 1005 348 1057 sed
361 1007 493 1056 adversus
507 1007 638 1059 virtutem
652 1015 728 1056 tuam
744 1022 799 1057 non
817 1007 885 1058 satis

84 1074 202 1136 munito,
222 1087 318 1124 omnes
331 1073 467 1124 barbaros
480 1074 627 1134 eiecisses,
645 1073 674 1123 in
693 1075 812 1138 patriam
831 1075 886 1142 pri·

84 1155 146 1192 mus
165 1141 257 1208 opima
271 1153 305 1192 ex
326 1141 368 1192 eis
386 1139 478 1206 spolia
494 1139 626 1190 remiisti.
663 1138 718 1190 Sed
734 1141 800 1207 quid
814 1141 887 1208 agui
980 1157 985 1160 ·

86 1207 147 1275 quis
163 1207 280 1266 taudem
290 1207 412 1257 orationi
424 1217 503 1254 meae
515 1205 616 1255 modus
629 1206 797 1271 reperietur,
816 1211 842 1259 si
852 1208 886 1258 da

88 1275 228 1336 omnibus,
241 1273 289 1338 qui
302 1275 331 1324 in
345 1277 430 1340 gente
439 1276 540 1321 ¹nontra
552 1271 627 1320 omni
642 1282 745 1338 genere
756 1275 887 1325 virtutum

7 1349 8 1354 ’
87 1342 292 1400 excelluerunt,
306 1337 468 1404 singillatim
480 1336 573 1388 dicere
586 1336 746 1389 instituam?
764 1339 887 1402 Quorum

87 1405 368 1475 sivelipsanomiua,
381 1401 451 1455 nihil
460 1403 545 1468 aliud,
562 1405 747 1458 enumerando
757 1401 889 1472 persequi

85 1475 191 1538 velim,
212 1471 346 1537 temporis
362 1485 406 1522 me
418 1470 449 1522 id
461 1474 591 1539 angustia
603 1470 698 1524 faeere
715 1471 889 1540 prohibitura

86 1548 158 1592 estu
174 1539 289 1590 Faciam
301 1538 389 1606 igitur
397 1537 472 1604 quod
485 1539 609 1605 pictores
621 1539 726 1602 solent,
740 1541 788 1606 qui
798 1538 888 1590 multi-

85 1608 212 1660 tudinem
227 1605 346 1672 aliquam
361 1604 502 1656 hominum
512 1607 540 1658 in
551 1605 646 1658 tabula
655 1607 805 1674 depicturi,
826 1621 887 1658 cunr

84 1677 195 1742 dliquot
218 1686 338 1740 corpora
359 1672 470 1742 integra
493 1679 691 1741 expresserunt
717 1673 888 1740 reliquorum

83 1743 205 1794 vertices
223 1741 314 1808 ipsos,
332 1740 412 1807 quasi
425 1753 499 1805 pone
512 1741 667 1804 latentium,
686 1740 786 1792 leviter
801 1739 888 1792 infor-

82 1823 161 1863 mare
171 1809 240 1862 satis
250 1808 304 1858 sibi
316 1819 381 1858 esse
397 1806 545 1870 ducentes,
565 1814 660 1860 cetera
673 1808 702 1858 in
714 1807 888 1875 cogitatione

83 1882 274 1944 spectatorum
283 1874 483 1942 relinquunt).
510 1875 571 1942 Ego
582 1888 692 1994 quoffle
703 1889 764 1926 eum
773 1875 828 1926 iam
838 1872 888 1927 Ze·

80 1957 182 1999 norum
192 1945 300 2010 aliquot
309 1955 356 1993 res
366 1947 476 2010 gestas,
492 1947 524 1994 ut
533 1943 628 2008 potui,
677 1941 887 2010 avitarexpres·

83 2012 182 2074 serim,
201 2010 274 2062 alios
287 2023 360 2060 nune
373 2009 483 2076 aliquot
495 2010 647 2062 acervatim
664 2023 829 2077 proponam:
851 2009 886 2062 de

83 2080 202 2142 ceteris,
222 2089 339 2146 quorum
352 2077 415 2144 ipsa
426 2091 471 2128 me
486 2077 635 2130 multitude
650 2077 786 2142 deterret,
807 2077 887 2130 vobis

83 2143 263 2212 cogitandum
271 2143 435 2212 relinquam.
464 2143 561 2211 ltaque
572 2143 704 2196 corolum
712 2143 790 2196 Petri
800 2143 887 2196 lilium

81 2212 187 2262 iirtuto
201 2215 239 2263 et
259 2209 344 2263 rebus
371 2211 459 2278 gestis
478 2213 551 2278 patri
569 2225 676 2278 parem3
700 2211 887 2271 catharenum,

81 2278 164 2332 illum
178 2278 331 2331 Turearum
344 2275 454 2330 hostem
469 2279 635 2330 acerrimum
648 2277 765 2332 eundem
787 2292 821 2328 ue
839 2275 887 2328 ho-

81 2344 460 2412 minemeloquentissinrum,
469 2345 596 2413 aliosque
606 2295 832 2405 innumeranda,
841 2346 887 2410 qui

8 2453 9 2460 ,
85 2410 197 2465 etmihi
214 2417 255 2476 et,
274 2415 403 2480 utputo,
421 2412 548 2464 orionibus
563 2411 644 2464 vobis
651 2413 766 2465 veniunt
774 2412 805 2463 in
814 2425 888 2462 men-

7 2549 9 2584 q
129 2525 151 2583 ⁸)
163 2525 212 2571 Cio.
231 2523 301 2568 divin
318 2525 343 2568 iu
360 2522 446 2568 omen.
460 2522 483 2578 §-
497 2529 532 2570 lo.
546 2501 648 2570 beenon
662 2525 730 2568 modo
741 2525 766 2567 in
784 2498 888 2566 ustione

7 2595 9 2604 ’
84 2595 136 2628 neu
151 2595 197 2626 non
210 2592 282 2636 pono,
297 2582 338 2624 sed
347 2593 375 2623 ns
388 2580 413 2623 in
422 2579 530 2636 opinions
543 2579 631 2650 quidem
641 2580 770 2637 αειίηφιανη
778 2578 888 2632 relinquo,

7 2677 9 2700 ,
84 2645 121 2684 rrle
140 2637 245 2682 omnibus
263 2636 432 2690 putredinem
448 2639 611 2690 prsepomtnnr.
639 2634 781 2688 ibidemi-
796 2633 889 2678 maloin

84 2696 184 2740 dim
193 2701 233 2750 ψ
240 2690 380 2750 telhqms,
392 2703 458 2746 quum
465 2691 492 2736 iu
501 2693 603 2741 mutiens
612 2703 662 2734 mss
671 2701 764 2744 putere.
839 2707 844 2714 ·
859 2707 863 2716 ·
875 2707 880 2720 ·
