2140 3010
331 128 564 186 rusursrro
583 131 651 212 vu.
842 134 894 188 au

92 239 138 290 cui
150 235 262 288 tandem
276 223 474 303 impedimento
490 234 557 286 idei
568 232 603 286 ad
615 218 760 288 dicendum
771 237 895 303 putarint

91 305 166 366 fore3
194 310 243 354 aut
261 304 308 369 qui
330 303 422 354 minus
445 303 622 372 cloquentem
639 302 774 364 futurum,
804 304 896 372 siqui

88 385 230 450 nunquam
247 375 487 490 ”⁰2⁰⁸·⁰³¹¹.⁶{¹'⁰'
507 384 597 450 neque
617 371 721 488 saitarsc
739 371 895 452 didicisset.

80 437 741 568 slili'lzdli0illlis-inlidiolidam
754 437 898 558 uiui

94 573 230 632 firmaret,
247 573 351 623 iccirco
366 577 504 624 astrorum
513 571 650 624 rationem
660 573 767 624 oratori
775 585 840 624 esce
849 584 897 622 ne·

95 639 245 690 cessariam
264 639 394 702 dicimus,
413 641 442 690 ct
460 641 527 706 quia
545 638 580 690 de
598 638 736 690 faciendis
752 638 897 705 portubus,

95 704 288 769 architectum
308 706 373 774 quia
387 705 422 763 de
435 705 571 760 livoribus
586 713 615 757 et
626 705 782 759 tumoribus
796 707 824 755 in
836 717 897 754 cor·

95 787 163 840 pore
173 773 311 824 interdum
323 771 428 840 aliquid
439 773 515 835 dicit,
525 773 663 825 medicum
674 787 737 826 csse
747 787 810 824 cuns
822 771 896 822 volu-

95 855 169 892 mus:
191 839 289 892 cadem
300 841 410 891 ratione
424 840 547 892 dicamus
563 855 640 904 sane,
661 837 896 893 debereeunrbo-
991 877 998 888 ,

95 921 159 958 num
169 919 288 974 coquum
299 921 362 958 csse
371 907 528 976 bonumque
537 913 677 972 sutorem,
697 907 772 976 quod
783 907 811 956 in
819 911 897 956 tauta

95 987 187 1024 rorum
196 975 332 1026 varietate
343 975 471 1026 accidere
482 973 631 1042 aliquando
641 979 747 1042 possit,
764 980 795 1027 ut
808 973 843 1024 de
857 973 895 1022 ci-

94 1041 138 1091 bis
158 1039 186 1091 ci
199 1041 237 1092 sit
254 1041 358 1110 aliquid
376 1043 628 1107 calceamentisque
646 1042 802 1094 dicendum.
837 1040 895 1091 Ma·

95 1109 547 1240 iiiiiiffltiiti'iriiiu
561 1106 896 1226 {rtiriteuainlti

95 1241 196 1292 mentis
210 1240 376 1306 operibusve
381 1275 389 1302 ,
408 1245 456 1291 aut
469 1239 504 1291 dc
518 1243 579 1304 ipsa
591 1239 677 1289 ctiam
696 1241 833 1292 efficiendi
853 1253 895 1290 ra-

95 1309 173 1360 tione
180 1306 372 1368 occurretzita
380 1319 443 1358 eum
451 1306 592 1358 mittemus
603 1306 638 1356 ad
648 1306 798 1372 magistros
807 1307 895 1356 etnisi

115 1387 177 1438 narn
190 1378 279 1424 artem
294 1372 434 1436 didicerit,
448 1387 586 1440 nunquam
601 1373 636 1424 de
646 1373 803 1424 eaverhum
813 1385 896 1423 unum

95 1390 189 1496 pacare
199 1439 345 1508 patiemur.
357 1440 397 1490 Ac
406 1439 534 1507 profecto
545 1441 570 1490 si
579 1439 635 1491 ista
645 1439 737 1490 omnia
746 1441 775 1491 iu
784 1445 896 1490 oratore

97 1513 170 1569 sunt,
180 1509 278 1558 mirum
288 1512 340 1569 eat,
354 1521 403 1558 cur·
412 1521 467 1558 non
478 1507 513 1559 ad
520 1507 673 1559 canendum
683 1506 769 1570 tibiis,
779 1505 815 1558 ad
827 1505 896 1556 obli·

96 1575 188 1646 ganda
197 1573 323 1636 uulnera,
337 1574 373 1625 ad
383 1574 555 1626 aedificanda
564 1574 686 1634 navalia,
700 1573 799 1624 diserti
808 1571 895 1622 honri·

95 1656 145 1694 nes
159 1639 354 1703 adhibeantur,
377 1647 406 1694 et
426 1655 476 1692 cur
493 1656 549 1693 non
564 1641 722 1693 oratoribus
738 1638 897 1706 respublica

31 1764 35 1768 ,
96 1716 227 1774 tanquam
236 1705 381 1773 Delphicis
392 1707 507 1776 gladiis,
529 1709 564 1760 ad
580 1708 685 1769 omnia,
701 1721 775 1774 quae
792 1711 856 1758 sunt
867 1707 896 1756 in
929 1733 930 1740 κ

96 1777 209 1828 civitate
223 1777 396 1838 necessaria,
409 1781 511 1827 utatur.
546 1775 598 1827 Est
611 1784 703 1826 autem
720 1787 822 1841 operae
835 1785 898 1838 pre·

94 1843 166 1895 tium
179 1855 365 1909 cognoscere,
387 1857 442 1910 qno
459 1843 632 1908 potissimum
645 1845 808 1908 argumento
821 1839 897 1890 istud

95 1911 252 1977 gloriosum
274 1908 310 1959 de
358 1924 375 1959 a
398 1909 571 1961 confirment.
616 1908 659 1958 Dc
683 1907 824 1970 comibus,
856 1905 898 1958 in·

95 1977 201 2044 quiunt,
216 1975 299 2028 rebus
328 1978 404 2028 icere
416 1977 664 2028 orator-isoiiicium
676 1981 728 2026 est.
763 1973 826 2026 Non
838 1979 899 2041 pot-

94 2051 139 2096 est
147 2051 241 2097 antem
250 2043 376 2112 quisqam
386 2058 420 2094 ea
430 2043 548 2096 dicendo
558 2050 689 2108 tractare,
701 2057 773 2110 quac
784 2043 899 2109 cognita

94 2115 295 2178 perspectaque
317 2126 372 2163 non
396 2109 506 2162 habeat.
543 2112 671 2163 Omnium
690 2111 778 2179 igitur
797 2109 898 2162 artium

94 2179 238 2230 scientiam
248 2179 340 2230 animo
348 2176 600 2245 comprehenderit,
611 2184 731 2245 oportet,
742 2177 766 2229 is
779 2179 826 2244 qui
836 2191 898 2230 cra·
931 2233 936 2246 ,

94 2246 164 2296 toris
177 2259 275 2296 munus
292 2247 430 2298 sustinere
441 2245 601 2298 meditetur.
635 2245 659 2296 0
677 2245 848 2312 plumbeum,
867 2249 899 2294 ut

94 2309 212 2374 dicitur,
227 2313 390 2380 pugioneml
413 2313 481 2374 Quis
498 2315 571 2364 eni-su
587 2311 702 2364 hoctibi
713 2312 896 2370 concesserit,

96 2378 150 2429 nisi
163 2393 245 2445 quem
258 2381 312 2430 ista
326 2395 488 2448 magnorum
501 2381 642 2432 nominum
658 2379 838 2430 infatuaverit
851 2392 898 2430 au·

95 2448 224 2509 meritas,
244 2447 370 2499 omnibus
381 2447 509 2499 derebus
521 2449 641 2500 oratoris
652 2461 715 2498 esse
727 2445 846 2496 officium
857 2445 898 2496 di·

50 2519 59 2524 '
96 2512 176 2564 cerei
207 2509 394 2578 sophistarum
415 2513 471 2566 hoc
493 2513 559 2576 luit,
577 2527 686 2580 ponere
705 2512 803 2564 iuberc
821 2510 897 2578 quod

96 2579 212 2647 quisque
228 2579 328 2632 vellet:
347 2581 422 2648 quod
436 2595 662 2648 nonuunquam,
682 2580 729 2646 qui
742 2583 838 2630 orator
848 2576 913 2632 han

94 2645 219 2710 berctus,
239 2643 386 2700 factitavit.
422 2647 539 2712 Quando
550 2653 642 2716 autern
652 2653 748 2718 potest
757 2645 895 2711 accidere,
