2150 3012
378 189 530 243 orituro
549 187 600 242 Xl.
852 193 885 245 99

75 303 201 350 naturae
221 299 336 344 nostrae
355 292 395 342 ita
413 295 615 342 consentaneus
635 296 693 355 est,
711 299 742 343 ut
761 299 885 346 veterum

76 365 196 431 quidam
214 362 335 410 animum
347 360 436 424 ipsum
450 370 592 408 numerum
607 371 669 410 esse
681 363 763 426 atque
778 357 884 412 harmo-

75 434 154 482 niam
171 427 374 496 putaverintr).
409 424 560 475 Delectant
574 425 666 488 etiam,
683 427 749 491 quia
761 427 788 476 in
802 427 888 484 rebus

77 495 153 548 nihil
168 495 207 545 ad
222 509 273 544 nos
289 492 469 544 attinentibus
481 497 640 556 pertentant
653 495 760 544 animos
774 499 885 545 nostros

79 563 159 614 onmi
171 574 278 628 genere
289 559 455 620 affectuum,
470 558 511 608 ita
524 563 555 608 ut
566 559 611 610 rel
620 559 746 626 legentes
756 562 887 625 polimata

78 630 129 680 rel
135 629 298 688 audientes,
305 625 442 678 interdum
453 639 586 691 ungamur
594 641 627 676 ae
636 640 792 692 premamur
801 633 885 692 metu,

79 695 229 746 interdum
239 694 274 745 ad
288 708 364 758 spem
376 692 528 758 erigamur,
542 707 737 759 nonuunquam
750 691 886 745 exhilare-

80 776 156 824 mur,
173 775 371 828 nonnunquam
383 759 465 810 etiam
477 758 525 818 iis,
542 773 611 825 quae
622 759 686 810 ficta
700 775 762 812 esse
773 759 884 822 scimus,

80 829 304 894 illacrymantur.
339 825 389 876 Vir
408 825 599 876 sanctissimus
622 833 650 876 et
673 827 886 888 eruditissimus,

80 895 217 946 Aurelius
229 894 399 960 Augustinus
413 906 460 942 sae
481 903 496 941 e
509 891 627 942 ubertim
637 891 747 945 flevisse
759 908 804 957 se,
825 909 885 944 cum

82 961 209 1012 Didonis
232 965 351 1010 mortem
373 958 445 1025 apud
490 958 613 1026 irgilium
631 958 751 1027 legeret,
773 961 887 1011 coufite-
938 997 940 1004 ι

82 1029 186 1091 tur**).
226 1026 282 1078 Sed
292 1024 347 1076 lroe
355 1026 382 1076 in
394 1040 427 1075 eo
438 1032 552 1092 propter
561 1025 728 1092 singularem
740 1027 828 1094 ipsius
838 1027 892 1093 boq

80 1095 204 1146 nitatem
219 1094 310 1144 minus
324 1091 444 1142 fortasse
459 1093 558 1143 mirum
573 1093 662 1144 rideri
675 1100 777 1160 potest.
812 1092 887 1156 Vere

84 1162 158 1214 enim
169 1161 229 1212 hoe
240 1160 341 1210 Graeci
353 1158 499 1225 proverbio
512 1159 618 1221 dieunt,
632 1160 722 1211 bonos
734 1161 808 1212 viros
819 1159 887 1210 iaci-

84 1228 127 1280 les
138 1243 204 1280 esse
217 1227 252 1277 ad
264 1225 538 1292 lacrymandum***).
574 1226 647 1285 Quid
657 1227 730 1294 quod
741 1226 809 1279 ieris
820 1242 886 1293 quu-

84 1309 139 1411 que
149 1311 185 1346 ee
194 1294 322 1346 barbaris
334 1291 490 1343 hominibus
499 1299 528 1341 et
538 1292 623 1342 caede
634 1307 666 1343 ae
676 1293 809 1360 sanguine
821 1309 886 1360 gau·

105 1357 365 1426 entibus'poemata
376 1365 469 1408 tamen
483 1358 701 1410 misericordiam
713 1359 848 1411 interdum
859 1365 888 1410 et

83 1427 230 1495 lacrymas
242 1425 430 1478 commoventi
451 1425 671 1490 Alexandrum)
678 1462 686 1488 ,
698 1425 886 1478 Pheraeorum

84 1501 249 1560 tyrannum,
260 1493 418 1558 accepimus
429 1505 528 1558 aspero
539 1494 739 1560 supramodum
751 1499 778 1544 et
788 1491 887 1543 immiti

87 1567 174 1628 atque
194 1559 314 1612 efferato
328 1561 441 1626 ingenio
456 1560 559 1620 fuisse,
575 1561 618 1610 ita
631 1567 661 1610 ut
675 1557 800 1612 homines
815 1557 888 1610 alios

86 1629 168 1679 rivos
179 1627 340 1688 deluderet,
355 1626 427 1677 alios
438 1641 566 1694 aprorum
577 1640 758 1693 ursorumque
767 1625 887 1692 pellibus
946 1688 952 1694 Δ

85 1701 182 1746 tectos
199 1695 312 1745 canibus
327 1693 514 1745 venatrieibus
528 1693 672 1744 laniandos
684 1692 831 1756 obiiceret,
846 1692 887 1743 id·

90 1775 144 1826 qua
155 1762 211 1812 sibi
222 1776 272 1828 pro
283 1760 442 1826 ludo-atque
454 1760 658 1811 oblectamento
670 1759 796 1824 haberet:
808 1775 887 1828 quas·
948 1795 952 1802 ,

90 1829 249 1880 demetiam
261 1827 388 1878 divitates
399 1829 501 1880 amiras
515 1829 663 1886 ursocius,
683 1828 813 1879 immissis
827 1827 887 1878 sine

90 1909 193 1946 oaussa
202 1895 416 1962 spiculatoribus
422 1894 489 1957 ἡ),
500 1901 613 1960 repente
624 1895 767 1944 uniuersas
778 1900 887 1946 contru·

92 1961 209 2014 eidaret.
244 1961 343 2014 Coram
353 1960 407 2012 hoe
421 1961 574 2028 agebantur
587 1960 735 2026 aliquando
746 1960 887 2028 Euripidis

92 2026 232 2090 Troades,
243 2043 297 2094 qua
306 2030 334 2079 in
342 2027 438 2079 tabula
448 2027 576 2078 dolenter
584 2027 731 2080 admodum
742 2028 888 2094 deploran-

92 2097 138 2159 tur
147 2097 331 2146 Troianorum
346 2095 525 2145 calamitates.
560 2093 653 2145 Homo
669 2097 792 2161 quamvis
805 2107 887 2161 asper

95 2165 123 2209 et
131 2161 294 2223 indomitus,
310 2175 444 2228 quemque
458 2161 534 2211 uulla
547 2177 665 2228 unquam
676 2176 721 2212 res
735 2163 770 2212 ad
780 2161 886 2212 miseri-

94 2227 216 2282 eordiam
226 2228 338 2280 flectere
348 2229 499 2294 potuisset,
514 2229 601 2280 sensit
610 2234 703 2280 tamen
717 2243 748 2280 se
761 2229 886 2296 poitiers

139 2310 161 2366 *)
177 2316 207 2358 ri.
218 2313 279 2358 uiue
290 2315 355 2358 Tum.
364 2315 397 2358 X.
408 2316 463 2359 llslr.
473 2307 525 2372 pag.
535 2317 584 2358 2⁰⁸.
595 2316 680 2374 (1⁰1³.)

131 2369 161 2421 ¹⁸)
178 2371 280 2414 confess.
290 2370 309 2414 I.
322 2375 356 2414 18.

90 2445 94 2452 ·
120 2423 162 2479 m)
176 2422 425 2484 'Ayudqld¹dprdrisrpose
439 2423 518 2473 duriose
731 2459 736 2464 .

160 2480 191 2522 At
200 2483 302 2534 quisquis
313 2483 404 2535 prulms.
415 2485 435 2526 is
444 2479 697 2526 mnltnmlaerimslrilis
706 2483 741 2524 ut
750 2480 792 2522 vir.

63 2537 75 2554 '
134 2531 163 2588 †)
178 2537 214 2578 Ex
224 2535 700 2598 l'lutarelroinl'elupirlap.2il³.eup.3⁹.
723 2532 804 2578 Paullo
817 2531 885 2578 aliter

95 2595 140 2628 rem
150 2596 226 2633 narrat
235 2591 342 2635 Aelianus
352 2595 380 2636 V.
390 2595 420 2635 ll.
429 2593 496 2637 xlv.
506 2593 541 2636 tt.
954 2598 958 2606 ‘

116 2641 163 2697 st)
177 2645 470 2702 Rectiunpmunqrium.
494 2652 520 2690 ut
532 2647 576 2690 viri
591 2645 651 2691 desti
668 2645 697 2690 ad
708 2642 801 2686 Sueten.
811 2640 884 2693 culix.

96 2695 129 2739 ⁴⁴·
138 2699 265 2745 decuerunt.
284 2703 375 2747 Ruunt.
428 2705 436 2709 ’
