2140 3010
356 109 648 216 clincampum„¹
838 161 888 216 ma

87 258 228 328 quoddam
237 253 889 325 aetatisestetoxannipartibusveradpromo·
951 279 953 290 ·

91 327 183 378 venda
199 325 294 377 studia
308 331 337 376 et
353 325 389 378 ad
406 326 513 376 animos
526 323 674 390 multiplici
687 338 780 376 rerum
794 331 890 393 cogni·

29 431 46 440 -
88 394 168 444 tione
178 391 347 460 saginrmdos
358 393 507 457 praecipue
521 390 759 446 accommodatum
769 391 890 446 meatur.
930 444 934 452 ,

90 457 888 521 omnmoenimhiemeeummaximesoeviente,bacchan-

87 526 164 577 tibus
171 539 204 576 ac
211 525 319 592 proelia
327 526 401 576 inter
412 539 443 576 se
452 525 736 587 miscentibusrentis,
746 523 889 580 frementi·

88 594 141 643 bus
153 593 382 661 ae‘mugientibus
391 592 480 654 siluis,
491 592 553 660 ipso
563 592 593 642 in
602 591 705 643 inrbres
714 599 813 644 ruente
824 607 888 645 coe·

6 685 7 688 ¹
88 661 127 720 io,
136 658 269 724 grandine
279 659 477 724 crepitantibus
487 660 580 719 tectis,
589 660 735 720 iuvat‚non
743 672 759 708 e
767 657 889 722 leeto‚ut

5 737 7 770 ι
80 726 129 782 ,ait
138 725 261 791 impurus
270 727 367 791 poeta,
380 725 432 776 sed
442 739 477 778 ex
486 721 614 784 eubiculo
624 724 718 792 aliquo
728 725 800 778 bene
810 725 890 778 undi-

88 805 198 858 queque
210 791 345 844 concluso
361 797 391 844 et
403 791 537 844 adversus
554 791 627 843 coeli
645 793 761 844 iniurias
778 796 888 844 munito

87 865 186 910 ventos
196 858 293 910 audire
304 857 438 922 inurentes,
449 865 478 910 et
489 857 569 910 libris
579 859 691 910 affixum
700 875 733 911 ac
742 859 888 926 praeclara
983 903 987 908 .

87 926 250 977 illaveten's
260 927 413 991 sapientiae
424 932 602 977 monumenta
611 932 788 990 tractantem,
805 942 887 980 excu-

88 993 204 1044 tientem
216 992 284 1044 iilos
296 991 456 1055 thesauros,
473 991 621 1058 indulgere
634 992 678 1046 illi
691 1008 827 1061 nunquam
837 996 887 1048 im·
907 1029 916 1051 f
962 1003 968 1010 '

89 1059 250 1112 moderatae
260 1059 406 1125 cupiditati
416 1058 529 1111 assidue
539 1059 619 1125 plura
630 1059 769 1125 discenda
789 1063 887 1114 nescio

89 1131 181 1178 tamen
191 1127 340 1192 quomodo,
350 1125 477 1190 etipsum
486 1123 673 1177 illudvastum
683 1133 765 1192 atque
779 1127 887 1188 horrifi·

90 1204 151 1244 cmu
161 1207 283 1244 murmur
294 1200 429 1244 terrorem
439 1190 575 1255 quasdam
589 1191 690 1242 incutit
704 1194 815 1256 animis,
835 1209 888 1246 nec

89 1265 226 1310 eostotos
235 1258 290 1310 sibi
300 1271 400 1310 vacare
409 1256 525 1322 petitum
541 1263 572 1306 et
584 1257 645 1322 ipsa
657 1256 772 1323 frigoris
785 1273 816 1312 as
837 1263 889 1312 eri·
965 1296 973 1310 1

88 1333 134 1376 tas
143 1323 276 1386 subinde,
295 1323 373 1389 quasi
385 1321 504 1374 admotis
515 1322 677 1388 quibusdam
688 1324 806 1376 stimulis
816 1275 889 1378 fodi·

90 1406 172 1454 cans,
185 1397 233 1446 aut
242 1396 330 1442 strata
337 1394 466 1506 repetere
474 1395 523 1440 aut
532 1389 567 1441 ad
576 1389 670 1442 iocum
681 1391 805 1445 assidere
816 1406 889 1444 com·

90 1459 182 1527 pellit3
195 1456 364 1523 omninoque
391 1456 501 1508 iemsut
511 1471 608 1508 cursus
618 1455 760 1510 fluminum
771 1456 888 1518 fraenat,

92 1532 122 1577 ut
131 1523 290 1576 animalium
300 1537 419 1590 corpora
429 1523 591 1590 adstringit,
606 1524 769 1590 atarngenia
778 1539 889 1595 quoque

90 1600 205 1658 torpore
218 1587 338 1658 quodam
349 1590 454 1641 uincire
469 1595 551 1657 atque
566 1590 683 1656 alligare
696 1591 833 1644 interdum
844 1607 889 1644 so·
957 1613 959 1620 ,

89 1660 139 1711 letss
174 1655 365 1719 Accedithuc,
385 1653 888 1723 quodcorporonostrahiemepotis·

90 1726 188 1777 simum
197 1723 234 1775 iri
257 1724 309 1775 'dis
323 1730 352 1774 et
365 1723 545 1774 c1·assisetin
555 1737 660 1775 morem
670 1724 740 1774 visci
756 1723 839 1776 lentis
855 1739 888 1776 ao

90 1791 234 1843 tenacibus
282 1789 579 1842 moribusredundant·
616 1790 724 1851 Quodsi
734 1791 780 1856 qui
790 1797 889 1843 saturo

89 1861 130 1910 ita
139 1857 285 1924 temperati
299 1864 376 1919 suut,
392 1857 464 1908 tardi
476 1856 583 1922 plorum
601 1872 638 1907 ue
652 1863 680 1906 et
694 1855 809 1909 hebetes
824 1872 887 1910 esse

89 1929 303 1978 consueverunt:
322 1923 397 1991 quod
406 1923 583 1990 significabat
620 1922 830 1982 eracletuscum
847 1925 887 1976 di·
918 1989 920 1994 ι

89 1997 177 2054 cerci,
192 1992 295 2044 siccam
311 1991 429 2042 animam
445 1989 481 2040 ad
493 1991 659 2056 sapientiam
673 1992 777 2056 requiri
783 2009 790 2054 ;
809 2001 886 2044 certe

88 2072 260 2124 consequens
271 2063 326 2120 est,
340 2073 411 2176 luae
421 2064 572 2124 tempestas
583 2058 648 2108 anun
657 2057 730 2110 tales
741 2059 840 2122 efficit,
852 2074 887 2110 ea

6 2127 10 2134 '
87 2125 191 2192 ingenii
201 2139 343 2176 acumcno
364 2125 451 2186 tundi,
461 2125 516 2176 sim
527 2131 698 2190 torpescere,
712 2125 886 2178 celeritatem

86 2191 230 2244 retardari.
265 2191 443 2259 Haecigitur
457 2190 537 2243 ethis
551 2192 644 2243 affinia
657 2198 721 2243 sunt
734 2189 834 2244 hiemis
844 2193 885 2242 in·

85 2259 242 2321 conrmoda3
260 2260 305 2310 cui
318 2260 459 2310 contraria
467 2265 560 2310 aestas
569 2258 730 2311 immodicis
744 2258 885 2312 caloribus

84 2329 113 2376 et
123 2339 242 2391 corpora
252 2329 281 2376 et
290 2325 397 2377 animos
407 2325 491 2378 solvit
501 2340 534 2376 ae
543 2325 633 2388 laxat,
647 2325 842 2378 somnolentos
851 2339 885 2376 ac

6 2391 7 2396 ’
84 2391 129 2441 lau
150 2391 231 2444 uides
240 2391 333 2452 eflicit,
345 2393 508 2443 itauttotos
516 2392 655 2443 interdum
664 2391 726 2443 dies
735 2406 791 2442 non
801 2391 886 2445 modo

84 2473 120 2514 nu
144 2473 187 2508 am
200 2459 356 2526 gratiorem
368 2459 568 2525 cogitationem
580 2459 722 2525 suscipere
729 2460 885 2574 ¹possimus,

82 2524 147 2588 sed,
162 2539 327 2592 quamquam
336 2524 413 2576 nullo
425 2523 522 2576 labore
536 2521 715 2591 antegressa,
742 2525 825 2586 raeti,
838 2525 885 2576 de-

6 2613 8 2622 ·
82 2589 153 2644 iessi
182 2590 384 2658 defatigatique
411 2591 561 2642 iaceamus.
611 2592 748 2644 Autumno
782 2597 883 2652 autem,

83 2657 167 2728 vulgo
180 2658 323 2727 praeclare
333 2671 427 2710 secum
438 2658 485 2728 agi
495 2663 601 2728 putant,
612 2659 669 2725 qui,
682 2658 746 2713 aliis
756 2659 882 2715 omnibus
