2150 3012
387 64 538 164 oleario
556 109 624 164 xli.
852 115 900 166 lot

102 215 217 268 intuitae
230 214 356 276 eorunm)
369 227 489 280 quoque,
502 211 548 279 qui
558 207 823 278 poetarumlnurlen
834 212 901 266 eiie·

103 283 228 341 ciebant,
241 281 350 332 enimus
365 279 519 346 occupavit.
553 275 623 330 Nam
641 294 702 330 curn
720 279 774 330 sibi
793 280 901 332 indices

37 347 42 354 '
103 350 239 417 quosdam
249 345 437 399 confecissent
447 361 541 398 earum
552 361 664 408 vocum,
679 345 778 414 quibus
791 353 901 399 veteres

104 417 213 482 aliquot
221 417 322 480 politae
334 415 376 466 usi
387 420 492 473 essent,
505 419 649 478 putarunt,
664 427 695 464 se
705 413 763 464 illis
774 415 902 480 aequipo·

104 491 194 532 ratum
204 482 253 550 iri,
265 481 328 548 drim
338 479 436 532 sedulo
448 485 589 541 caverent,
601 495 635 530 ne
646 495 728 546 quam
737 495 834 533 rocem
844 494 902 531 rer·

106 549 182 599 sibus
194 551 252 600 suis
262 549 462 609 immiscerent,
479 561 550 613 quae
561 561 616 596 non
625 549 655 598 in
664 547 733 608 illis,
749 562 819 614 quos
834 547 902 609 dixi,

106 615 244 666 indicibus
254 616 434 683 reperiretur.
468 613 543 680 Ergo
561 611 614 664 hoc
628 613 754 681 exemplo
770 629 821 666 suo
835 614 901 666 utri·

27 681 28 686 ’
107 696 159 749 que
179 679 346 744 docuerunt,
364 695 408 736 ,ex
432 681 559 732 omnibus
579 681 768 732 Ciceronianis
786 681 902 734 vocibus

107 749 285 800 stultissimas
298 748 449 809 orationes,
461 761 497 798 ex
507 747 633 798 omnibus
644 747 806 815 virgilianis
815 748 903 816 pessi·

106 830 167 866 mos
176 829 273 866 versus
283 831 367 883 posse
379 815 516 879 componi.
536 814 633 880 Neque
643 815 699 868 dici
708 821 810 882 potest,
822 829 902 882 quam

107 881 176 934 hoec
186 880 326 933 honiinurn
336 883 488 945 somnia⁴*)
500 882 554 933 sibi
564 882 704 947 placeant,
719 898 799 949 quum
810 898 840 935 se
852 883 903 934 cir·

108 950 299 1015 contupictam,
307 965 388 1017 quam
398 963 428 1000 se
439 949 613 1016 impudenter
622 951 667 1012 iis,
678 965 748 1017 quos
758 965 813 1002 uon
823 949 904 1002 intel-

107 1018 207 1084 ligunt,
218 1022 395 1083 anteponant.
431 1016 559 1078 Statium,
570 1017 610 1069 ait
620 1031 714 1068 eorum
726 1016 846 1085 quidam,
856 1026 905 1070 aut
970 1071 972 1076 ,

108 1084 206 1136 Silium
216 1083 342 1135 italicum
361 1089 392 1134 tu
405 1083 472 1135 mihi
493 1090 541 1136 aut
554 1083 694 1136 Lucanum
709 1091 757 1136 aut
770 1084 911 1151 Senecam,

106 1150 248 1202 nominas?
275 1151 404 1202 Ovidium
419 1153 516 1214 etiam,
535 1152 579 1202 cui
594 1158 705 1218 praeter
719 1164 802 1221 upum
812 1151 903 1220 Virgi-
974 1158 979 1172 '

107 1219 174 1270 lium
184 1215 348 1272 Latinorum
362 1233 442 1270 nenio
457 1216 585 1286 perluit,
601 1225 778 1270 contemnere
792 1217 904 1283 audent,

107 1299 192 1352 seque
204 1286 229 1335 ei
241 1292 411 1351 anteponere
425 1301 481 1338 non
491 1291 631 1336 verentur.
664 1285 740 1336 Unus
751 1286 904 1350 etiamffl),

106 1353 251 1418 ceteroqui
266 1351 347 1404 homo
360 1353 576 1412 eruditissimus,
593 1351 643 1403 sed
652 1351 701 1402 illo
713 1365 807 1404 errore
817 1351 904 1405 imbu-

107 1423 152 1470 tus
158 1455 166 1481 ‚
178 1417 271 1471 Ovidii
280 1418 529 1486 metamorphosin,
541 1419 661 1469 divinum
670 1421 770 1484 poema
780 1424 808 1470 et
818 1418 904 1470 omni·

12 1501 13 1510 ¹
106 1487 160 1538 bus
169 1485 288 1554 ingenii,
300 1487 427 1538 omnibus
438 1487 615 1554 eloquentiae
625 1485 774 1538 luminibus
786 1486 859 1536 omni
870 1499 905 1539 ex

107 1557 186 1620 pa'rte
200 1554 355 1616 collucens,
369 1555 399 1604 in
414 1569 476 1605 eum
490 1567 658 1615 sermonem,
673 1567 726 1620 quo
739 1552 821 1620 vulgo
833 1567 905 1605 nunc

106 1621 218 1682 utimur,
231 1621 284 1674 sibi
295 1619 510 1672 convertendum
520 1621 635 1684 curarit,
646 1635 689 1681 ne,
702 1620 724 1670 si
736 1634 796 1670 eam
805 1619 904 1688 Latine

106 1689 240 1754 scriptam
255 1689 419 1758 attingeret,
437 1691 626 1741 sinceritatem
640 1687 736 1740 Latini
757 1690 905 1752 sermonis,

107 1771 189 1822 quam
208 1771 243 1806 ex
262 1757 325 1806 aliis
340 1757 431 1822 poetis
446 1755 589 1820 hauserat,
604 1756 813 1808 contaminaret
848 1755 905 1810 aea

107 1820 180 1872 hunc
191 1823 302 1889 quidem
316 1837 449 1876 excusare
480 1839 574 1890 uoquo
585 1823 667 1875 niodo
678 1837 836 1890 possumus:
858 1827 905 1892 qui

107 1903 169 1941 cum
178 1897 206 1940 et
213 1889 356 1942 doctrinae
368 1892 476 1958 copies
495 1892 621 1953 undaret,
631 1891 765 1942 ethtino
776 1906 905 1944 sermone

84 1993 92 2006 ,
105 1957 196 2022 perite
207 1971 239 2007 ac
249 1957 370 2008 scienter
379 1965 517 2020 uteretur,
533 1957 585 2008 hac
598 1973 652 2009 una
664 1961 693 2008 in
706 1973 737 2008 re
751 1958 832 2009 nimis
846 1973 903 2010 cre·

106 2022 189 2074 dulus
207 2023 274 2086 fuit,
292 2024 467 2143 aliorumque
482 2025 590 2078 ,iudicio
607 2031 681 2079 stare
698 2025 791 2092 potius
807 2026 903 2090 voluit,

105 2104 186 2156 quam
197 2105 269 2142 suos
293 2091 343 2142 leti
353 2108 409 2145 non
433 2093 540 2154 ereutii,
553 2093 605 2162 ,qui
616 2093 650 2143 ab
662 2093 736 2144 omni
746 2093 903 2146 eruditione

26 2199 41 2210 .
104 2157 246 2224 imparati,
261 2160 341 2226 quasi
351 2161 420 2214 satis
430 2163 467 2214 sit
478 2157 596 2225 dixisse,
609 2175 659 2231 ego
669 2161 766 2230 pulcra
776 2163 903 2230 potinem

141 2296 173 2379 ἰ)
188 2297 237 2344 cie.
245 2297 273 2340 rie
282 2297 332 2342 inv.
341 2297 373 2342 11.
384 2302 418 2342 ³2
430 2299 449 2354 5.
459 2301 495 2344 99.

158 2358 172 2410 )
188 2353 475 2478 rffznpilp'ptpppupprtup’
484 2359 573 2456 :anisi
583 2411 741 2470 sapientiem

105 2517 198 2564 Peteon.
209 2461 413 2578 stygmata.
422 2537 469 2568 nors
478 2497 556 2569 eoem.

103 2576 179 2678 0,ῗᾶἒί
188 2575 339 2684 ἕξιππα
347 2582 431 2626 Mureti
441 2580 576 2637 dissipium,
591 2582 658 2626 llere
669 2577 778 2624 cinnum
787 2577 860 2638 presi.
871 2579 899 2622 el

137 2651 144 2678 l
