2150 3012
72 118 81 136 ⁸
162 166 213 220 raa
442 139 598 218 orario
616 164 679 217 xv.

106 267 112 278 ’
161 269 208 321 rix
218 269 246 320 in
257 267 394 335 gregariis
403 265 537 319 militibus
547 267 640 318 locum
653 263 779 318 obtinere
811 267 957 322 otnlatem.

160 335 230 388 Nam
240 335 345 386 utillos
358 333 458 386 heroas
470 335 603 396 omittam,
617 333 774 396 Platonem,
817 333 958 401 enophoass

160 411 229 464 tem,
243 402 435 465 Aristotelem,
450 400 685 467 Theophrastum,
697 401 744 466 qui
754 400 822 452 mihi
832 402 959 453 ridentur

159 470 344 522 immensitate
359 470 476 537 quadam
488 468 594 535 ingenii
610 481 717 517 omnem
729 481 821 518 rerum
831 474 956 519 naturam

160 536 307 603 complexi,
318 541 484 586 nontantnm
495 549 579 600 snpra
588 533 719 600 aequales
730 547 797 584 suos
804 535 955 597 exstitisse,

160 603 209 655 ned
221 603 305 654 etiam
315 604 435 668 posteris
445 616 552 652 omnem
561 600 748 666 consequendi
758 601 802 651 sui
811 611 887 667 spem
897 617 956 652 sut·

160 670 270 721 tulisse:
289 669 350 735 quis
363 675 429 734 post
438 666 616 719 Plutarchum
630 666 753 728 exstitit,
768 668 815 732 qui
830 681 910 719 verae
921 681 954 719 ao

159 735 267 787 solidae
287 735 452 786 eruditionis
473 735 555 802 copia
572 739 600 785 et
617 734 753 784 varietate
772 734 813 785 ita
834 748 895 785 cum
920 748 954 786 eo

160 802 316 868 comparari
327 806 423 868 queat,
436 807 468 852 nt
477 816 532 852 non
541 800 704 866 longissimo
715 799 863 851 intervallo
878 797 955 852 abiu·

159 876 236 919 turus
251 868 284 918 ab
300 881 333 918 co
349 869 398 929 sit,
417 881 605 936 quemcunque
619 867 662 917 illi
672 868 826 934 proximum
837 881 956 919 essevo-

159 934 261 985 luerisi
287 934 374 994 Quem
384 935 433 986 illc
443 939 700 1001 podtamveterem,
716 948 795 1000 quem
807 939 956 998 oratorem,

159 1015 240 1068 quem
250 999 382 1052 historiae
393 1003 557 1068 scriptorem
566 1016 622 1053 non
633 1001 672 1051 ita
681 1003 810 1063 triverat,
823 1007 854 1052 ut
868 1000 955 1052 edidi·

160 1069 232 1118 cisse
246 1067 401 1118 videreturl
419 1069 507 1129 Quam
520 1064 715 1134 philosophiae
728 1070 834 1134 partem
847 1067 957 1119 nonita

158 1138 334 1196 tractaverat,
345 1141 375 1186 ut
385 1149 464 1189 nemo
475 1140 574 1202 postea
582 1141 687 1185 tantum
697 1135 725 1184 in
735 1149 790 1185 una
800 1133 956 1197 eminuerit,

159 1205 290 1267 quantum
304 1201 353 1252 illc
367 1203 396 1252 in
410 1201 551 1254 omnibusi
571 1201 642 1252 Nam
655 1202 729 1268 quod
745 1201 854 1268 quidam
869 1215 956 1268 nuper

158 1269 252 1334 magni
265 1269 293 1319 in
308 1267 406 1336 uulgus
417 1269 549 1332 nominis,
565 1269 614 1319 scd
629 1284 684 1321 non
698 1269 789 1335 magni
803 1269 886 1335 pretii
897 1281 956 1319 me·

110 1383 114 1390 ‚
159 1333 238 1386 dicus
252 1337 281 1386 in
291 1339 410 1404 quodam
423 1337 530 1388 insulso
544 1335 705 1388 acridiculo
716 1336 788 1387 libro
799 1351 850 1386 suo
861 1335 955 1387 dicero
967 1380 982 1398 ,

159 1417 242 1452 ausus
262 1411 317 1465 est,
351 1403 529 1468 Plutarchum
549 1402 757 1470 grammaticum
777 1403 871 1465 modo,
899 1416 958 1454 non

159 1469 243 1520 etiam
252 1464 447 1536 philosophum
453 1469 551 1532 inisse,
560 1485 625 1520 usus
637 1476 681 1520 est
691 1469 821 1520 videlicet
831 1483 865 1520 ea
873 1468 955 1520 liber·

159 1542 228 1596 tate,
251 1552 321 1652 ἵησι
332 1536 532 1588 ἰιιιιιιιίι·ιιὶ1ιιιὶ
542 1537 626 1598 solet,
646 1543 688 1599 ut,
709 1551 770 1588 cum
780 1535 915 1603 quidlibet
926 1537 956 1586 in

159 1603 261 1669 quemb
282 1610 311 1654 ct
324 1604 459 1667 dixerint,
479 1619 559 1656 nemo
579 1603 696 1655 laboret.
732 1603 861 1655 Ostendit
880 1617 955 1654 cere·

157 1668 238 1720 hrum
247 1685 334 1731 suum,
346 1671 371 1720 si
382 1671 455 1738 quod
465 1672 548 1723 modo
558 1670 602 1722 illi
613 1671 756 1722 cerebrum
766 1677 835 1732 erat,
845 1669 954 1720 medico

159 1749 177 1786 c
215 1737 280 1798 isse,
298 1735 358 1787 cuin
368 1737 418 1788 illa
427 1740 571 1790 scriberet.
607 1738 662 1788 Sed
673 1743 703 1786 ut
712 1737 809 1788 abeam
819 1751 836 1786 a
848 1737 955 1788 Plutar-

159 1817 174 1852 c
195 1817 223 1864 o,
240 1817 321 1870 quem
333 1820 383 1856 sua
397 1806 558 1874 magnitudo
573 1809 651 1855 extra
663 1803 783 1854 telorum
794 1798 954 1868 iacthmpo·

158 1872 222 1930 suit,
232 1876 272 1934 ut,
283 1872 401 1938 quicum
412 1873 549 1934 allatrant,
559 1885 654 1932 canum
665 1870 758 1921 lunam
769 1869 955 1921 allatrantium

156 1936 262 1988 similes
282 1953 344 1990 esse
365 1940 516 1991 videantur.
552 1937 619 1986 Eum
638 1937 726 2002 igitur
745 1942 774 1986 ut
789 1939 912 1986 omittam
926 1943 957 1988 et

157 2004 298 2068 paullatim
313 2007 348 2057 ad
361 2007 486 2072 tempora
500 2008 596 2054 nostra
602 2005 654 2069 pro
656 2003 720 2081 pius
732 2001 872 2052 accedam:
886 2003 955 2116 quis
972 2023 978 2037 ι

155 2078 221 2136 post
230 2073 374 2124 Claudium
386 2071 520 2122 Galenum
529 2067 595 2128 fuit,
615 2084 663 2133 qur
674 2070 708 2118 ad
718 2067 794 2118 illius
807 2073 856 2116 aut
868 2081 884 2115 a
904 2069 954 2117 nri-

155 2139 271 2190 rabilem
286 2140 325 2189 in.
335 2139 409 2188 omni
427 2149 529 2203 genere
550 2134 702 2184 doctrinam
721 2138 769 2182 aut
783 2131 955 2196 singularem

154 2205 342 2273 eloquentiam
358 2200 524 2253 accesserit?
544 2200 612 2259 Quis
626 2200 720 2251 multis
734 2199 788 2248 iam
805 2195 953 2261 annisphi·

155 2270 287 2337 losophus
301 2266 588 2319 veterumhristotelis
599 2264 827 2333 hypophetarum,
836 2261 953 2318 Alexan.

154 2337 209 2398 dri,
228 2335 378 2400 Ammouii,
397 2333 558 2395 Themistii,
578 2333 714 2399 Simplicii
729 2337 758 2382 ct
776 2329 884 2392 talium,
903 2340 954 2384 aut

154 2415 269 2452 acumen
281 2401 387 2479 ingenii
402 2409 449 2452 aut
463 2401 606 2452 doctrinae
620 2398 814 2452 abundantiam
827 2404 875 2447 aut
890 2411 952 2449 ora·

154 2469 238 2520 tionis
249 2469 412 2536 dignitatem
423 2467 603 2535 adaequaviti
622 2469 689 2533 Qui,
704 2481 765 2519 cum
775 2465 810 2516 de
824 2464 908 2515 rebus
921 2467 952 2518 in

153 2543 266 2587 naturae
278 2534 448 2588 obscuritate
461 2535 580 2587 retrusis
594 2551 627 2589 ao
640 2533 793 2588 reconditis
809 2533 848 2583 ita
863 2532 951 2582 disse·

151 2609 256 2666 nerent,
277 2608 308 2655 ut
322 2616 353 2654 sc
367 2618 385 2655 a
398 2605 483 2672 vulgo
498 2618 581 2670 quam
594 2605 757 2672 longissime
771 2599 949 2660 abducerent,
1009 2657 1012 2665 1

150 2679 204 2721 tam
214 2670 308 2722 multis
319 2672 398 2737 quasi
409 2671 526 2741 gemmis
536 2671 697 2742 multiplicis
707 2668 843 2724 aerariae
859 2666 950 2718 erudi·
1043 2703 1061 2714 ..
