2120 3018
303 181 305 186 ¹
382 155 645 212 PROOEMIUM.
716 225 720 238 ⁸
737 177 739 183 ·
873 171 918 211 vn

97 267 313 329 immodestiae
338 263 486 336 cuiusdam
507 279 574 319 reus
599 261 713 336 fierem3
741 281 869 320 seorsum
887 266 918 320 in

113 351 330 430 appendiculam
352 350 442 404 totins
461 345 529 402 libri
552 347 807 418 eas‘reiiciendas,
831 367 918 421 pecua

112 437 182 494 liari
210 431 437 506 Praefationum
464 429 550 485 titulo
579 429 776 504 insigniendus
804 447 918 504 separa-

115 522 224 592 timque
249 511 439 572 numerandas
465 511 619 568 arbitratus
637 529 708 568 sum.
759 509 832 568 Cum
849 531 918 569 vero

116 598 202 657 focile
215 599 420 672 intelligerem,
438 591 495 651 lac.
509 592 697 650 Thomasium
709 595 741 649 ia
755 595 918 669 supplendis

13 691 36 716 ’-
116 681 320 758 speciminibus
351 677 505 734 rhetoricis
531 675 639 733 Mureti
667 677 752 751 paulo
779 680 918 734 arctiores

117 767 231 821 sibimet
245 760 467 822 circumdedisse
482 761 634 830 cancellos,
644 761 701 814 alio
713 769 838 816 urentem
850 779 918 817 oeu-
1020 779 1032 794 ²

119 850 216 922 losque
237 845 376 902 conuerti.
421 843 483 908 Quo
503 843 580 898 facto
598 843 675 913 vidi,
693 843 745 898 vix
759 860 919 920 quenquam

118 948 228 999 eorum,
241 927 343 1004 quibus
357 943 482 1002 unquam
494 925 686 999 praefationes
699 923 806 982 Mureti
819 929 922 1002 singu·
957 943 960 957 ¹

118 1014 173 1069 lori
192 1027 279 1068 curae
298 1009 432 1080 fuerumt,
459 1010 606 1064 notionem
634 1025 731 1064 earum
749 1009 804 1064 sibi
829 1011 921 1065 infor-

119 1113 212 1153 masse
236 1093 309 1150 satis
333 1093 513 1166 perspicuam
538 1099 567 1146 et
585 1092 723 1146 strictam.
767 1091 825 1149 Alii
844 1095 921 1148 enim

120 1176 330 1252 praelationem
343 1173 450 1231 habent
463 1182 492 1230 et
505 1173 656 1231 venditant
669 1173 762 1245 idem,
782 1177 858 1252 quod
869 1191 933 1251 po-'

120 1263 196 1316 tiore
208 1257 332 1335 quodam
341 1259 405 1314 iure
421 1256 663 1328 dedicationibus,
689 1275 762 1332 quae
776 1259 921 1330 dicuntur,

31 1344 42 1352 ”
121 1340 327 1398 vindicandum
357 1339 486 1412 videtur3
517 1340 568 1394 alii
593 1339 781 1412 praelationis
805 1343 921 1396 nomine

13 1476 42 1499 ,.
122 1423 266 1494 afficiunt,
288 1422 365 1499 quod
381 1439 439 1478 non
458 1423 566 1477 iniuria
585 1429 636 1476 aut
653 1423 775 1496 simplex
793 1424 826 1477 in
845 1441 932 1478 com-¹

123 1509 329 1566 mentationem
348 1506 472 1580 aliquam
489 1497 621 1575 εἲσαγωγῆ
638 1504 782 1560 iudicatur
794 1513 845 1561 aut
856 1523 922 1579 purs

123 1606 141 1644 a
161 1589 365 1646 commentario
385 1586 481 1662 aliquo
499 1603 558 1640 non
572 1587 758 1664 segreganda.
801 1585 840 1644 Et
854 1607 922 1665 sane

15 1701 32 1718 ,-
122 1669 199 1726 baud
215 1669 311 1730 facilis
336 1671 429 1725 estin
448 1686 482 1725 ea
500 1686 533 1724 rc
551 1668 714 1728 distinctio!
741 1669 785 1728 Ne
808 1673 923 1729 illorum

122 1752 256 1828 vestigiis
271 1751 449 1829 ingrederer,
458 1750 555 1808 effecit
565 1753 652 1810 editio
668 1756 852 1830 epistolarum
858 1754 923 1812 Mu-

117 1836 178 1891 reti
190 1831 399 1906 aTenehnitio,
412 1834 567 1910 bibliopola
573 1833 774 1895 honestissimo
786 1848 815 1894 et
824 1839 923 1915 lauda·

119 1920 251 1986 tissime,
267 1919 430 1992 nuperrime
442 1919 551 1992 publici
564 1913 636 1986 iuris
650 1921 742 1993 facte,
763 1939 834 1996 quae
848 1921 921 1982 libro

118 1997 156 2054 ll.
171 2007 201 2054 et
213 1995 263 2056 lll.
277 2000 421 2074 epistolas,
435 2019 506 2078 quas
519 2011 634 2074 vocant,
656 2002 845 2060 dedicatorias
859 2006 922 2060 sive

119 2082 355 2156 nuncupatoriae,
366 2085 392 2139 si
405 2083 489 2140 modo
503 2087 656 2142 recesseris
671 2087 706 2142 ab
715 2088 785 2157 ista,
795 2085 921 2162 quaMu-
955 2129 960 2136 .

119 2173 199 2220 retus
211 2164 418 2241 francogallica
431 2167 531 2243 lingua
543 2185 610 2223 usus
624 2168 763 2224 instruxit
776 2187 919 2226 commen-

119 2249 210 2304 tarios
228 2249 389 2318 immores
402 2247 545 2306 Ronsnrdi
560 2243 696 2327 (Prdfoce
714 2252 747 2306 de
765 2249 847 2308 Mare
861 2253 920 2309 An-

119 2330 240 2386 toinede
248 2329 452 2388 Muret'surses
464 2335 681 2390 commentaires
692 2331 921 2412 dblonseigneur
978 2391 981 2402 Δ

117 2410 207 2470 Adam
216 2409 324 2482 Fumde
338 2415 490 2471 conseiller
500 2414 538 2470 du
547 2412 605 2472 Roi
618 2435 654 2472 en
667 2417 827 2491 parlament
841 2415 920 2472 ara-

118 2491 174 2575 ris)
188 2496 388 2554 subministrat
398 2496 435 2552 ud
448 2515 534 2554 unam
547 2514 660 2572 omnes,
675 2516 731 2573 quo
745 2495 842 2550 minus
856 2513 923 2554 cum
979 2541 982 2547 .

19 2603 25 2617 c
116 2571 248 2655 lisquos
261 2582 422 2654 posteriore
435 2581 498 2637 loco
509 2579 834 2657 significari,evagatus
848 2577 924 2634 uude

13 2689 34 2740 ξ-
117 2660 190 2717 unde
206 2662 399 2739 comederem,
412 2664 621 2734 abscinderem,
636 2663 817 2732 colligerem,
832 2657 940 2738 irnpe-¹
