2120 3018
194 161 228 213 sa
477 128 634 212 enarro
651 157 701 212 ιν.
794 169 806 182 »

195 260 272 312 renis
284 257 478 311 auctoritatem
491 272 525 308 ac
533 257 666 309 iudicium
678 257 796 310 maxime
810 263 996 312 contemnere

195 328 331 378 videntur.
361 322 430 375 Nam
441 339 500 375 cum
512 325 609 380 Cicero
620 324 705 374 toties
714 324 848 386 inculcet,
859 325 886 376 ei
895 327 944 394 qui
954 329 996 379 ad

196 393 372 460 eloquentiae
391 391 509 458 gloriam
531 393 647 457 aspiret,
671 391 900 456 pervolutandum
922 406 994 448 esse

197 476 276 513 omne
292 458 457 524 scriptorum
471 472 571 524 genus,
586 465 616 508 ut
628 457 775 523 multiplici
786 471 880 508 rerum
893 460 992 525 cogni-

196 529 272 579 tione
307 524 367 575 uusi
378 521 535 574 laetificata
552 522 709 574 efflorescat
725 537 758 574 ac
773 524 911 575 redundet
926 539 991 576 ora-

196 596 281 656 tlo*)‚
320 591 330 640 i
343 590 457 656 perinde
471 606 504 640 ac
513 592 537 640 si
548 588 601 641 hoc
611 596 723 641 autnon
732 589 865 656 legerint,
883 596 931 641 aut
944 605 991 642 sa-
1053 571 1054 630 l

97 713 99 718 ,
195 663 232 712 tis
244 662 347 726 putent
365 656 521 723 esse,qucd
540 656 670 723 legerint,
692 656 726 706 ed
746 657 825 708 unius
844 657 992 708 Ciceronis
1053 655 1054 704 l

196 726 299 791 scripta
307 730 444 792 tamquam
455 723 490 773 ed
500 722 624 773 Sirenios
634 721 764 788 scopulos
778 721 992 784 adhaerescunt,

196 807 231 843 ea
248 805 304 842 una
320 789 445 841 manibus
461 795 566 849 terunt,
586 803 682 838 eorum
697 803 752 839 nun
766 789 879 840 voculas
893 785 990 851 modo,

156 875 160 882 ’
197 859 247 910 sed
263 856 385 923 syllabas
399 869 486 921 prope
504 869 598 905 omnes
613 855 718 905 minuta
731 855 847 923 quadam
862 861 891 906 et
905 857 993 907 anxia

197 925 359 976 curiositate
377 923 413 974 ad
427 920 549 972 calculos
563 926 678 982 vocant,
698 920 732 971 ab
752 922 793 972 eis
813 935 990 974 commorere

197 991 295 1042 oculos
310 987 387 1040 nefas
404 993 513 1055 putant,
527 991 637 1052 praeter
649 1002 733 1038 unum
745 987 863 1054 denique
876 987 990 1040 Cicero-

196 1071 258 1108 nem
271 1061 319 1108 aut
327 1062 394 1117 tres,
404 1057 429 1106 si
438 1053 521 1114 forte,
531 1057 579 1102 aut
588 1057 705 1118 quatuor
713 1055 825 1105 illorum
832 1059 990 1120 temporum

196 1123 327 1190 aequales
351 1127 399 1172 aut
422 1126 498 1172 certe
521 1119 565 1170 illi
592 1121 678 1171 aetati
701 1135 845 1188 suppares,
870 1121 989 1174 aliorum

197 1191 318 1240 omnium
331 1187 496 1254 scriptorum
510 1191 665 1238 contactum
677 1188 766 1254 ipsum
780 1186 936 1254 refugiunt,
952 1202 989 1238 ne

196 1251 987 1386 illlllittllitlttlitull,ltltbltlbll

196 1389 302 1459 plexari
321 1389 461 1442 rideretur
471 1389 526 1452 **),
549 1389 590 1438 ita
602 1357 650 1440 i’sti
664 1401 715 1454 pro
731 1393 838 1439 verset
851 1386 945 1438 solida
959 1394 989 1437 et

197 1458 272 1510 socci
301 1471 334 1508 ac
358 1455 499 1522 sanguinis
521 1454 604 1521 plena
629 1454 673 1506 elo
695 1456 799 1515 nentia,
829 1453 988 1506 ariditatem

197 1525 333 1591 quandam
346 1537 379 1573 ac
389 1521 566 1574 sterilitatem
578 1522 725 1584 metionis,
740 1529 769 1572 et
777 1522 897 1572 ieiunam
909 1525 939 1570 et
947 1519 989 1570 la·

196 1605 240 1642 me
251 1607 283 1641 ac
292 1591 381 1642 macie
391 1596 528 1652 enectam,
544 1595 573 1641 et
583 1589 685 1640 nullius
694 1588 737 1639 rei
745 1588 799 1638 nisi
810 1586 868 1638 odii
877 1585 989 1652 plenam

197 1659 226 1708 in
242 1657 334 1709 verbis
350 1655 385 1706 ad
399 1654 519 1723 Lydium
534 1657 612 1708 illum
625 1653 729 1706 Niuolii
747 1653 867 1716 lapidem
885 1651 988 1704 exami-

197 1723 296 1774 nandis
310 1723 500 1776 morositatem
514 1722 711 1789 amplexantur.
745 1718 873 1770 Ridicula
882 1718 988 1784 capita!

199 1790 282 1840 Cuius
296 1805 326 1842 se
341 1790 522 1842 admiratores
531 1788 695 1856 praecipuos
704 1784 794 1836 rideri
802 1787 911 1849 volunt,
927 1785 990 1836 eiua

197 1859 303 1908 monita
321 1872 353 1908 ec
384 1863 514 1924 raecepta
531 1855 568 1906 ad
585 1867 616 1903 se
634 1851 772 1917 pertinere
790 1866 846 1904 non
865 1856 989 1910 censent

198 1922 257 1974 Nos
276 1939 342 1976 reru
362 1873 457 1976 Samus
477 1934 602 1989 operam,
622 1924 652 1968 ut
670 1917 769 1982 simus,
790 1917 924 1984 quod***)
939 1917 992 1970 isti
1052 1965 1053 1980 ,

198 1989 340 2054 nunaunt,
355 2006 420 2044 vere
434 2005 467 2040 ac
477 1988 552 2040 serio
562 1982 751 2046 ciceroniani,
767 1990 795 2035 et
809 1985 853 2034 illi
865 1983 991 2036 saluber·

198 2057 269 2109 rimo
278 2058 421 2111 ciceronis
430 2056 578 2121 praecepto
589 2050 808 2115 obtemperantes
817 2050 991 2102 excutiamus

198 2138 232 2175 ac
241 2129 548 2192 perscrutemuromnes
558 2115 665 2167 forulos
675 2113 905 2168 bibliothecarum
913 2121 991 2168 vete-

197 2205 271 2256 runr;
289 2189 468 2256 inprimisque
485 2198 607 2234 amemus
619 2181 702 2248 atque
717 2179 882 2232 admiremur
895 2179 993 2235 Plato-

198 2273 275 2312 nemz
298 2270 352 2324 quo
370 2251 420 2302 ille
438 2247 577 2303 laudando
596 2263 629 2300 ac
647 2246 992 2316 commendandoeexpleri

245 2389 265 2442 ·)
282 2385 328 2428 cic.
343 2383 371 2425 rle
384 2380 445 2424 oret.
459 2380 477 2424 1.
492 2394 511 2424 c.
521 2382 541 2422 t.
555 2379 646 2446 Etenim
659 2385 683 2424 st
696 2393 770 2428 rerum
783 2382 912 2436 cognitione
924 2379 989 2437 efflo-

199 2447 275 2487 rarat
284 2447 307 2484 et
316 2439 425 2482 remandet
434 2441 523 2492 oportet
533 2442 618 2480 cretto-

235 2495 266 2548 ³¹)
281 2495 345 2537 ovid.
355 2493 445 2536 Melam.
453 2493 494 2536 lv.
502 2496 552 2535 460.

219 2551 268 2605 ³¹¹)
283 2549 302 2594 1.
317 2550 399 2604 s.‚qui,
409 2546 494 2604 quales.
508 2549 556 2592 Cic.
570 2547 599 2594 ed
612 2546 694 2596 Fauii.
708 2547 752 2594 IX.
761 2553 796 2600 21.
805 2563 841 2606 pr.
851 2547 956 2608 quiritibi
966 2550 990 2592 in

199 2606 304 2661 epistolis
318 2606 402 2650 videor.
414 2604 475 2650 Plrt
489 2602 585 2649 Phaedr.
599 2619 628 2661 p..
638 2609 687 2652 2³¹.
708 2611 732 2655 ri
743 2625 778 2654 σοι
792 2612 889 2665 φαίνεται
900 2613 912 2654 l
923 2610 989 2662 irim.

199 2663 279 2710 limat
287 2663 361 2709 bern.
371 2669 393 2708 ι.1
400 2668 422 2710 t.
431 2666 465 2708 tt.
474 2662 542 2719 epist
549 2662 570 2708 1.
581 2667 614 2722 η.
624 2676 660 2719 pr.
