2150 3012
186 161 233 214 m
448 153 709 230 onn'rroxvs

185 259 293 314 Graece
302 256 435 322 traderet,
464 259 560 322 riman
569 256 785 309 illiusvirtutem
798 253 984 310 essediierat

184 325 331 394 illepidam,
339 326 368 376 id
376 333 428 388 est,
460 339 542 374 raece
552 324 592 374 ita
601 322 688 389 loqui,
696 329 727 372 ut
737 322 828 375 oratio
838 321 910 375 nihil
919 325 982 376 bar·

185 395 294 456 buum,
306 391 376 442 nihil
384 392 520 452 insolens,
531 389 676 450 absonum,
686 389 860 455 peregrinum
870 387 982 452 habeat,

186 461 243 514 sod¹
253 465 285 511 et
301 458 471 526 singularum
484 471 583 508 vocum
602 455 743 522 elegantia
758 461 786 506 et
799 469 893 506 earum
911 462 983 507 stru·

121 574 124 580 ,
188 534 267 578 stura
280 541 312 576 ae
323 525 509 576 collocatione
524 529 615 574 natam
631 534 693 572 ease
706 533 737 570 se
751 521 780 571 in
793 522 886 572 media
895 521 981 573 Grae·

188 595 234 646 cia
252 591 389 644 ostendat
426 577 481 650 Qui
499 603 567 655 ergo
587 588 688 640 Latina
704 586 800 653 lingua
819 587 983 655 eloquentes
1070 640 1072 651 ,

188 673 251 712 esse
266 656 446 718 meditantur,
464 656 501 705 iis
513 653 568 706 hoc
585 655 700 721 primum
716 653 915 704 elaborandum
930 664 982 715 est,
1069 710 1075 727 1

97 765 105 771 .
142 771 145 775 ⁴
187 732 219 778 ut
229 724 342 784 Latine,
354 736 431 788 pure,
448 727 476 772 et
486 736 566 788 quam
579 723 875 772 maximeexueterum
885 721 983 772 Roma·

182 806 286 847 norum
294 805 346 841 usu
356 789 597 856 acconsuetudine
608 787 764 855 loquantur.
786 785 984 838 Noliteautem

187 863 298 927 putare,
313 855 420 906 laudem
430 855 521 917 illam,¹
534 869 603 920 quae
615 857 694 919 qussi
703 853 821 906 sanitate
832 859 861 904 et
870 854 984 921 integri-

188 930 247 978 tate
267 937 300 974 ac
314 923 477 974 castimonia
490 922 584 972 Latini
599 923 734 979 sermonis
750 919 919 981 continetur,
936 927 986 973 aut

188 1004 300 1060 parvam
310 995 358 1039 aut
372 988 456 1040 facile
472 989 623 1055 parabilem
635 1001 711 1039 esse.
745 987 813 1038 Cum
824 992 890 1052 post
903 988 985 1038 resti·

181 1061 264 1110 'tutas
280 1071 297 1106 a
305 1056 434 1108 Mediceis
445 1057 620 1120 potissimum
635 1055 743 1106 familia
753 1053 863 1104 litteras
876 1053 985 1107 infinita

191 1175 193 1181 ,
208 1122 323 1174 uaedem
332 1123 374 1174 vis
386 1124 525 1174 exstiterit
536 1121 675 1173 hominum
684 1123 714 1173 in
725 1123 800 1173 omni
809 1133 912 1186 genere
923 1135 983 1172 eru-

210 1191 319 1263 torum,
330 1203 444 1256 cumque
455 1195 483 1240 et
492 1195 589 1240 nostra
599 1194 628 1240 et
636 1195 744 1254 patrum
753 1187 888 1238 memoria
897 1185 982 1240 laomi-

187 1271 238 1310 nes
251 1257 363 1308 summis
377 1256 497 1323 ingeniis
508 1255 628 1322 praediti
641 1263 697 1316 tam
713 1254 827 1306 multam
839 1252 868 1302 in
881 1252 982 1308 Latino

187 1323 320 1390 loquendi
329 1324 423 1375 studio
435 1337 547 1388 operam
556 1324 711 1388 posuerint,
727 1327 758 1372 ut
764 1321 794 1372 id
803 1333 889 1389 prope
899 1336 1002 1388 unam,
1072 1328 1075 1337 ’

189 1390 282 1456 operis
292 1389 394 1442 habere
403 1390 571 1450 viderentur,
581 1387 739 1454 paucissimi
749 1377 850 1453 tamen,
866 1400 983 1452 quorum

95 1465 107 1476 ·
187 1459 305 1523 scripta,
326 1471 381 1507 non
395 1456 457 1506 dico
472 1456 608 1506 sermonis
621 1455 696 1506 vitiis
712 1461 837 1518 careant,
853 1453 982 1508 namhoc

187 1524 298 1591 quidem
308 1523 419 1574 illorum
428 1523 531 1574 nemini
540 1522 671 1589 contigit,
690 1521 869 1588 sodaliquant
883 1521 983 1574 saltem

186 1593 296 1658 priscae
311 1589 387 1641 illius
403 1595 431 1641 et
444 1590 554 1642 nativae
563 1588 724 1640 Latinitatis
736 1590 884 1656 imaginem
895 1589 982 1640 contl-

187 1663 285 1719 aeant,
308 1657 482 1708 exstiterunt.
529 1656 565 1707 Ut
584 1655 685 1709 Graeci
705 1656 852 1722 proverbio
877 1655 981 1716 dicunt,
1055 1699 1062 1708 .

186 1722 289 1774 multos
305 1737 379 1785 esse,
399 1725 446 1790 qui
462 1722 588 1789 thyrsum
604 1723 707 1785 ierant,
726 1722 777 1774 sed
795 1737 899 1789 paucos
912 1721 982 1775 liee-

187 1787 300 1850 ὤιον),
315 1790 355 1840 ita
368 1790 516 1842 multorum
530 1789 603 1842 falsa
612 1791 728 1858 quadam
738 1789 832 1841 Latini
845 1788 982 1842 sermonis

187 1862 201 1906 t
221 1855 281 1906 scie
290 1856 404 1908 inducta
413 1864 442 1908 et
452 1857 539 1914 oblita
549 1859 639 1910 oratio
651 1864 702 1921 est,
713 1867 863 1924 paucorum
871 1855 981 1910 Latina.

216 1937 251 1972 uo
265 1922 294 1972 in
307 1921 389 1976 ltalia
403 1925 500 1975 summi
513 1923 566 1974 viri
576 1918 660 1976 duces
677 1927 779 1976 ceteris
790 1923 828 1976 ad
840 1922 910 1974 hanc
923 1922 982 1972 lau·

187 1987 250 2040 dem
265 1990 462 2056 capessendam
473 1996 502 2040 et
515 1991 594 2056 quasi
607 1991 782 2055 antesignani
794 1989 919 2052 fuerunt,
939 1987 982 2038 la·

186 2055 272 2108 cobus
283 2056 431 2108 Sadoletus
442 2055 708 2114 etl’etrusliembus,
720 2055 765 2119 qui
774 2055 857 2104 etiam
867 2060 984 2119 propter

186 2121 310 2174 eiusdem
330 2123 416 2174 studii
434 2120 641 2172 similitudinem
660 2117 888 2183 christophorum
907 2117 982 2170 Lon-

184 2189 290 2306 fiolium
304 2188 419 2254 Belgam
435 2187 463 2237 in
477 2186 584 2236 deliciis
599 2199 685 2251 prope
699 2191 782 2251 atque
795 2185 824 2233 in
839 2183 983 2238 amorrius

206 2255 348 2305 abuerunt,
391 2251 454 2303 Non
473 2252 514 2303 ita
532 2251 618 2303 multo
639 2257 703 2318 post
720 2263 821 2316 magno
841 2251 870 2301 in
887 2251 982 2316 pretio

184 2319 297 2370 fuerunt
322 2318 376 2369 duo
400 2317 481 2370 huius
503 2317 645 2369 facultatis
671 2317 814 2383 praecipui
839 2316 981 2382 doctores,

185 2385 294 2451 Patavii
307 2384 418 2451 quidem
432 2385 555 2437 Lazarus
568 2383 748 2446 Bonamicus,
768 2386 797 2435 in
815 2380 869 2436 liar
887 2389 981 2436 autera

183 2451 253 2505 urbe
263 2451 395 2503 Romulus
407 2455 569 2504 Amasaeust
587 2466 702 2518 quorum
716 2451 811 2502 in‘illo
825 2450 980 2503 fecundita-

184 2525 241 2569 tem
255 2519 361 2588 ingenii
378 2520 568 2583 admirareris,
587 2519 759 2588 diligentiam
779 2525 807 2572 et
824 2519 978 2572 accuratio·

224 2661 244 2718 'i
254 2663 333 2707 ΠΜ
340 2665 377 2714 μὲν
384 2662 554 2719 ναρθηκοφόροι,
566 2663 644 2715 natos
652 2661 675 2706 tt
682 2678 706 2706 ,ιι
715 2649 802 2718 stages
