2140 3010
350 99 581 164 Pasara't‘to
600 111 666 194 V¹¹·'
722 141 730 151 =
856 115 906 172 249
987 157 992 166 ι

112 213 906 281 dialecticus,soluseloquens‚solusdcuiquaomniamtct·

111 280 907 348 iamquamsisnunquamsoleasfocissot,sutortamencs·

48 394 50 402 .
111 347 398 416 setinprimisbonm:
412 347 908 415 talempropaistipraoclarumillum

108 430 187 468 suum
202 413 354 467 cPlatonis
369 427 399 464 re
419 413 513 464 ublica
522 419 662 464 oratorem
673 414 818 464 etiinxora:
831 427 912 478 quam

107 483 259 533 vanitatem
269 487 381 534 secutus
392 429 549 540 iitrurius,
568 480 656 530 multo
670 479 719 530 ille
733 479 911 546 quidemmo·

39 585 52 601 .
108 550 228 612 iastius,
248 549 299 600 sad
315 553 471 600 tamencut
484 546 583 609 talem,
602 553 650 598 aut
664 552 739 598 certe
752 561 808 598 non
823 546 910 598 multo

108 617 195 667 alium
214 614 396 667 architectum
413 612 587 677 informavit,
608 621 690 680 atqua
709 613 753 663 iili
771 619 910 664 oratorem
988 639 994 652 ·

51 731 54 735 .
108 675 248 734 fecerant.'
278 681 508 744 Quodidcmnon
519 687 624 732 tantum
634 682 662 730 in
672 683 756 747 potita
765 680 910 732 autinim·

2 757 21 800 A
103 756 239 816 peratore
254 748 338 800 iaciic
354 747 464 814 probari
482 754 580 866 queat,
604 747 813 808 verumetiam,
834 747 858 796 si
876 747 911 798 ad
994 768 996 772 ¹

109 815 184 868 istud
204 815 360 887 exemplum
379 828 479 882 progre
501 816 510 864 i
530 822 558 866 et
577 824 672 867 carues
689 821 763 867 artes
778 813 910 881 paulatim

110 883 291 935 commiscere
302 881 397 945 libeat,
407 896 441 932 eo
452 881 808 944 tandemdiisiuvautibus,
819 882 912 932 venie-

109 965 183 1012 mus,
203 955 234 1001 ut
250 949 353 1002 bonum
373 949 507 1001 nrusicum
521 964 584 1001 esso
600 956 740 1016 oporteat,
760 950 805 1018 qui
821 949 911 1000 bonus

111 1017 196 1069 cardo
206 1017 325 1070 eradere
336 1017 451 1086 cogitet
471 1016 526 1071 Sed
537 1024 568 1068 ut
577 1017 717 1069 mittamus
728 1024 832 1080 cetera,
841 1014 912 1067 illud

111 1091 188 1136 corte
208 1085 357 1136 convenire
375 1085 452 1136 nulio
467 1083 551 1134 modo
565 1091 672 1150 potest,
691 1091 723 1134 ut
736 1091 765 1134 ct
785 1083 912 1134 omnihus

111 1153 146 1204 dc
156 1149 239 1268 rfibus
252 1152 346 1204 dicare
356 1151 394 1201 sit
404 1150 539 1211 oratoris3
558 1157 586 1199 at
599 1155 689 1200 totum
703 1150 779 1204 iliius
792 1151 912 1202 officium

111 1231 164 1270 con
180 1217 288 1269 'ocatur
298 1216 387 1268 tribus
397 1229 557 1266 caussarum
568 1216 726 1282 gonoribus,
741 1216 912 1268 demonstra·

111 1285 181 1345 tivo,
195 1283 380 1334 deliberativo
389 1281 561 1333 atiud'rciali.
580 1279 677 1349 Neque
685 1295 752 1334 vcro
763 1282 829 1333 mihi
838 1286 912 1350 quis·

41 1370 48 1378 ·
111 1364 194 1418 quam
213 1349 373 1400 Aristotelis
399 1348 452 1400 hoc
476 1349 540 1400 ioco
564 1351 759 1400 auctoritatem
783 1349 911 1408 obiiciat:

112 1415 436 1482 namillcprimumuon,
455 1415 556 1478 utisti,
575 1417 681 1478 omnia,
700 1430 770 1482 quac
781 1417 810 1466 in
821 1424 912 1468 rerum

111 1490 212 1535 natura
227 1483 296 1545 sint,
318 1484 424 1534 oratori
439 1484 475 1536 ad
488 1483 634 1535 dicendum
647 1482 774 1536 subiecta
789 1494 851 1534 osso
866 1497 914 1534 vo-

110 1551 177 1614 iuit3
196 1549 298 1602 deinde
311 1549 399 1602 multo
413 1550 506 1602 verius
521 1551 664 1618 multoque
675 1550 827 1616 sapientius
837 1549 914 1602 iocu-

110 1625 157 1669 tus
168 1623 222 1668 est:
241 1632 296 1668 non
307 1617 381 1668 anim
392 1617 447 1668 tria
457 1631 561 1686 genera
572 1632 730 1671 caussarum
741 1623 789 1669 aut
803 1623 914 1668 contro·

110 1685 280 1746 vorsiarum,
300 1684 351 1736 sed
364 1683 427 1753 τρία
438 1683 494 1752 εἴδη
507 1689 554 1750 τῆς
569 1684 633 1754 §qm
651 1688 706 1752 ικῆς
721 1691 769 1736 aut
782 1683 913 1752 τρίαγέιη

63 1757 73 1764 ”
110 1754 163 1802 τῶν
177 1750 261 1816 λόγων
280 1755 332 1804 τῶν
350 1751 494 1820 ῥητορικῶν
512 1752 591 1804 dixit.
628 1704 736 1814 iocosi
756 1753 822 1820 quis·
834 1756 915 1818 putat

109 1818 186 1870 idem
195 1833 257 1870 cum
267 1818 319 1872 iiio
329 1819 419 1870 altaro
432 1819 598 1887 assc,longc
608 1825 691 1871 errat.
706 1818 767 1886 Ego
778 1823 880 1881 autem,
889 1819 913 1868 si

109 1887 301 1954 quisquamst
315 1900 349 1938 cx
362 1900 419 1949 urs,
430 1902 484 1954 quo
499 1887 527 1938 in
538 1901 642 1954 genero
653 1899 769 1938 caussae
784 1893 833 1936 aut
847 1898 912 1937 coa-

90 1955 265 2018 ⁴troversiaa
284 1954 322 2006 sit
340 1967 374 2004 ca
394 1956 500 2017 oratic,
523 1969 578 2022 qua
592 1955 740 2021 quotannis
763 1952 830 2006 olim
852 1967 912 2015 eos,
966 2001 970 2006 .

108 2019 157 2088 qui
166 2035 217 2086 pro
227 2023 319 2088 patria
329 2020 526 2083 occubuerant,
531 2019 645 2072 Athenis
656 2020 764 2074 laudari
774 2027 911 2073 moserat:

106 2086 190 2153 plone
208 2087 398 2155 respondebo,
417 2087 446 2138 in
461 2088 552 2140 nullo:
574 2089 651 2140 uuila
668 2089 743 2140 onim
760 2089 800 2140 ibi
819 2103 910 2156 nequa

108 2167 221 2217 caussa,
245 2169 335 2224 neque
356 2157 548 2208 controversia
566 2163 623 2220 ost,
649 2171 739 2224 ucqus
762 2156 910 2224 quidquam

108 2219 143 2270 de
160 2234 194 2282 eo
206 2222 351 2289 quisquam
365 2229 603 2275 controversatum
637 2223 674 2276 Et
686 2231 778 2276 tamon
790 2239 805 2276 c
815 2221 909 2274 Plato·
976 2278 978 2282 ,

105 2287 183 2338 tonis
196 2288 411 2357 Aristotelisquo
426 2289 555 2342 doctrina
567 2303 633 2342 vera
646 2291 702 2344 dici
720 2297 827 2358 potest,
847 2303 910 2340 esse

1 2407 6 2416 ‚
106 2352 180 2416 γένος
189 2353 361 2407 ἐπιδεικτικὸν
370 2356 510 2425 ῥητορικοῦ
520 2356 608 2422 λόγου.
642 2359 686 2410 Tu
696 2373 774 2422 roro,
790 2357 836 2424 qui
849 2371 910 2408 ora-

106 2425 199 2469 torem
209 2421 341 2488 Hippiam
354 2425 491 2489 quondam
506 2426 646 2490 παιτοὸαῆ
659 2424 744 2486 iscis,
760 2437 864 2491 quaero
876 2438 911 2474 ex

108 2491 145 2547 to,
162 2499 223 2536 cum
232 2489 281 2539 iilo
293 2489 327 2540 dc
339 2504 486 2558 corporum
497 2490 661 2543 coelestium
670 2491 801 2553 motibus,
813 2490 847 2541 dc
857 2489 910 2542 ful·
972 2547 989 2556 ,
1023 2483 1030 2492 ’

110 2552 236 2618 guribus,
247 2555 280 2606 da
291 2557 513 2609 terraemotibus
524 2558 688 2624 disputabit:
708 2557 830 2624 (quando
841 2555 910 2609 haec

98 2633 220 2690 „quoque
230 2622 265 2674 ad
274 2636 373 2677 munus
382 2623 460 2680 illius
469 2625 610 2694 pertinere
621 2625 675 2692 ris)
686 2623 715 2677 io
727 2638 781 2693 quo
791 2621 910 2678 istorum
