2150 3012
369 173 522 228 oanrro
539 173 574 230 x.
779 139 782 152 ’
832 181 865 232 aa

76 308 471 366 raraarnarnuonos
491 288 795 366 cinamomum
811 313 865 366 oa

187 393 413 446 curramus
431 393 751 449 couroanmoua

128 475 814 593 ooA'‚r1ox.

94 640 97 650 ¹
171 639 297 680 fflBl'l'A
316 640 427 680 nouat:
447 641 493 678 Ill·-
507 641 759 684 NORNOVHBR·

222 726 230 761 l
308 723 627 763 nna-xxvnt.

104 775 238 861 Advenit
254 810 364 860 tandem
382 810 452 861 illud
470 809 550 862 vohis
567 826 691 880 quaque,
706 821 738 865 ut
756 815 865 881 opinor,

73 877 230 938 auditores,
244 877 295 928 sed
315 874 384 926 mihi
398 882 474 928 certe
493 880 731 944 exoptatissimum
746 887 864 948 tempas,

74 956 125 1008 qao
144 944 191 994 diu
206 944 262 992 iam
279 943 451 993 intermissas
470 945 689 998 exercitationes.
704 953 817 1000 nostras·
835 956 865 998 et

74 1009 172 1072 stadia,
186 1007 261 1059 haud
270 1007 353 1060 facile
364 1009 491 1073 dixerim,
505 1009 660 1063 honestatis
673 1027 708 1064 an
718 1015 864 1070 suavitatis

74 1075 203 1140 pleniora,
213 1080 381 1141 repetamus.
415 1075 863 1143 luvatlrauarnilricircumiusam,

73 1141 209 1193 incensam
224 1157 256 1192 ac
272 1141 434 1209 flagrantem
450 1143 498 1192 siti
510 1143 644 1196 bonarum
657 1147 769 1208 artium
789 1149 864 1213 eupi-

74 1207 132 1259 dam
147 1223 232 1260 verae
245 1223 281 1258 ac
292 1208 400 1260 solidae
409 1209 499 1259 laudis
514 1216 542 1260 et
554 1211 674 1276 gloriae,
689 1214 809 1278 oreipso
823 1223 863 1266 at·

73 1289 122 1340 que
132 1276 222 1327 oculis
235 1276 327 1326 omnia
339 1289 385 1325 me
393 1289 498 1325 sannna
507 1289 619 1340 sperare
633 1279 667 1330 de
680 1278 824 1330 alacritate
835 1287 864 1331 ct

70 1341 204 1392 industria
220 1355 270 1392 aaa
278 1341 418 1392 iubentem
428 1341 641 1393 lectissimorum
655 1343 863 1397 adolescentum

72 1421 199 1459 coronam
210 1408 325 1470 intueri,
344 1408 420 1458 iuvat
430 1408 529 1474 aspici,
544 1412 622 1460 iurat
632 1410 733 1472 audiri,
746 1410 863 1462 iuratio

70 1474 169 1526 talibus
188 1475 311 1540 ingeniis
333 1475 496 1527 excolendis
516 1476 650 1544 quidquid
665 1477 862 1543 ingravescens

71 1547 146 1592 aetas
168 1542 268 1593 virium
288 1541 446 1608 reliquerit,
473 1541 622 1594 collacare.
656 1543 698 1593 An
721 1543 868 1610 agricolae

71 1621 129 1658 cum
141 1616 254 1660 teneras
266 1607 381 1658 arbores
398 1623 458 1659 ase
468 1609 556 1660 cultas
567 1609 605 1660 ad
616 1610 716 1662 irratam
728 1623 790 1660 sese
799 1623 863 1676 pro·

71 1675 211 1726 ceritatem
230 1675 372 1740 paullatim
396 1675 556 1728 attollentes
578 1676 686 1739 rident,
709 1675 862 1728 efferuntur

71 1741 182 1804 gaudio;
202 1741 323 1807 pastoris
333 1748 443 1808 pectus,
457 1745 552 1810 gregis
565 1742 619 1794 sibi
633 1744 861 1802 commissi-laeti-

70 1806 134 1856 tiam
143 1823 175 1858 ac
185 1807 384 1859 fecunditatem
393 1809 540 1872 intuentis,
551 1810 638 1862 tacita
649 1809 792 1878 voluptate
799 1825 861 1877 per-

71 1869 204 1938 lunditur3
225 1875 272 1940 qui
290 1874 415 1926 alumnos
425 1889 491 1926 suos
502 1878 627 1943 vigentes
648 1891 680 1928 ae
691 1877 822 1929 florenter
832 1891 862 1930 a·
875 1873 882 1884 ¹

70 1939 199 2003 spiciunt,
219 1941 375 1992 alliciuntur
387 1941 491 1994 intinnis
506 1943 633 1994 rensibus
647 1950 676 1994 et
690 1944 860 1996 iuventutern

70 2002 178 2054 illorum
192 2020 270 2057 suam
284 2007 487 2073 quodammodo
499 2011 671 2060 iuventutem
683 2024 745 2062 esse
759 2011 860 2062 ducen-

70 2075 125 2132 tea,
135 2076 604 2127 excussasenectutareealeseantr
621 2091 688 2144 ego,
698 2076 860 2130 adolescen-

69 2139 110 2186 tes
121 2139 231 2203 optimi,
248 2153 263 2189 e
276 2147 372 2192 vestro
380 2141 409 2192 in
418 2141 520 2194 litteris
528 2141 657 2208 proiectu
667 2157 700 2193 ae
709 2156 860 2224 progressu

69 2215 122 2252 non
133 2203 207 2256 idem
220 2203 289 2256 mihi
300 2222 353 2268 usu
365 2207 462 2259 reniae
474 2207 581 2260 fateari
601 2208 700 2276 Neque
711 2208 779 2262 mihr
791 2223 859 2262 aaa·

69 2265 179 2324 dubium
188 2276 244 2336 est,
259 2273 325 2338 quin
334 2274 477 2340 plerisque·
484 2281 605 2328 vestrum
618 2275 820 2344 quadrimestre
826 2276 860 2326 il·

69 2331 115 2384 lud
123 2341 243 2404 tempas,
253 2340 327 2405 quod
338 2341 418 2391 nobie
429 2343 588 2406 quotannis,
600 2357 635 2394 ex
644 2349 739 2394 vetere
749 2344 859 2396 institu-

69 2403 108 2460 to,
122 2403 242 2454 salonam
256 2419 288 2454 ac
298 2404 414 2458 liberum
425 2408 598 2472 conceditur,
613 2411 689 2460 iusto
698 2409 746 2460 lon
768 2410 776 2424 ⁸
818 2411 857 2460 ri·

68 2478 125 2516 sam
132 2470 184 2520 eit:
198 2470 233 2520 iis
244 2471 382 2536 nimirum,
393 2473 492 2540 ambus
503 2489 582 2526 aaron
589 2477 699 2528 virtutis
709 2489 742 2526 ae
763 2475 858 2526 ittera·

67 2535 163 2586 tamin
172 2536 328 2592 visceribus
338 2554 371 2591 ac
384 2541 513 2594 medullis
524 2541 785 2604 defixerinsedit*),
798 2541 858 2606 qui·
876 2535 888 2554 ²

93 2615 113 2666 ⁸)
129 2617 176 2660 Cic.
183 2617 338 2664 Ture-lvtld.
348 2619 407 2673 §.il
417 2635 483 2679 quum
493 2625 567 2666 eatam
577 2622 615 2668 lule
624 2625 700 2668 fervor
707 2645 735 2655 -
744 2622 856 2664 lavatam-

66 2672 122 2791 :rit
130 2679 155 2716 st
163 2678 277 2731 tantpran
285 2676 309 2720 r'a
317 2677 381 2724 unia
388 2677 531 2737 medullisque
540 2677 708 2788 luodwicus
714 2675 856 2720 aulatitsta
