2120 3018
183 167 216 220 ez
435 145 437 149 ’
465 164 616 218 οιιιτιο
633 163 684 219 ιν.

149 293 155 300 «
182 268 293 320 litteras
308 280 372 318 suas
382 265 411 319 in
421 265 518 318 urbem
531 267 685 327 misissent,
701 265 794 318 emnia
805 263 978 335 perditnrese

182 335 270 388 nrulto
285 349 336 384 nos
352 332 436 384 hodie
451 339 479 383 et
491 333 584 386 verius
599 339 627 384 et
641 333 743 384 certius
757 338 840 398 atque
851 334 978 398 explora·

167 403 239 452 tius
249 401 410 480 praedicere
422 411 581 466 pessumus,
596 400 621 450 si
635 397 761 450 bonrinee
775 399 867 461 nostri
882 399 977 464 paullo

183 482 271 533 magis
282 467 404 518 Graecas
414 465 522 516 litteras
532 465 676 532 negligere
687 466 839 531 coeperint,
850 464 979 518 omnibns

183 533 264 584 bernis
280 533 384 584 artibus
399 532 581 582 certissimam
595 538 702 598 pestem
717 545 749 581 ac
764 530 979 596 perniciemim·

63 635 66 645 .
127 645 144 662 „
183 601 297 651 minere.
327 598 391 648 Hoc
400 599 425 647 si
435 598 483 648 isti
493 605 540 649 aut
549 598 643 650 ridere
654 612 702 664 per
711 597 850 648 inscitiam
861 604 889 647 et
898 597 976 663 igno·

182 666 319 717 rationem
333 661 429 716 harum
448 679 539 715 rerum
555 679 610 715 non
627 670 742 732 queunt,
759 670 807 714 aut
821 677 976 729 agnoscere

183 736 298 798 propter
308 729 475 781 obstinatum
484 731 620 797 quoddam
629 737 658 781 et
665 733 847 782 inveteratum
856 730 883 779 in
891 729 977 780 Grae·

184 811 234 848 cos
252 795 345 846 odium
360 796 470 856 nolunt,
490 797 640 862 persistant
659 811 726 847 sane
745 801 774 847 et
793 794 929 850 obdurent
947 797 977 845 in

184 863 323 912 sententia
332 877 395 924 sua;
410 862 491 914 nobis
500 863 656 928 ignoscant,
666 863 691 912 si
729 877 764 912 uo
775 862 804 911 in
815 862 906 912 studio
916 860 976 927 plu·

183 929 281 978 rimum
292 942 393 992 operae
403 929 554 994 posuimus,
562 926 595 977 ab
606 943 640 978 eo
648 942 702 982 uon
710 878 793 980 bein
802 927 974 991 abducimur3

183 993 235 1046 sed
246 994 343 1044 eteius
354 994 516 1062 dignitatern
528 1008 693 1046 conservare
703 995 816 1046 nitimur
825 1001 853 1045 et
863 1009 929 1059 quas
941 1007 977 1044 ex

184 1073 219 1110 eo
230 1058 364 1110 utilitates
374 1061 532 1126 percepisse
542 1059 622 1112 nobis
632 1057 769 1123 videmur,
783 1074 831 1111 eas
841 1076 901 1112 cunr
912 1060 976 1112 aliis

184 1127 386 1178 communicare
403 1141 542 1178 conamur.
578 1125 633 1178 Sed
650 1128 781 1179 adversus
795 1124 847 1178 hoe
863 1133 891 1176 et
905 1125 975 1177 dixi-

177 1207 243 1243 snus
259 1192 328 1244 alias
361 1192 433 1256 lura,
449 1201 478 1244 et
488 1195 597 1260 quoties
611 1194 721 1246 dabitur
735 1194 859 1255 eccesie,
874 1191 976 1242 dicturi

184 1273 286 1310 sumus.
352 1274 385 1309 oc
403 1265 495 1312 autern
508 1268 633 1329 tempore
649 1261 731 1312 nobis
749 1260 896 1325 aequiores
911 1272 975 1309 esse

129 1334 132 1338 ’
185 1323 299 1385 debent,
314 1323 385 1393 quod
401 1328 442 1377 ita
454 1332 577 1379 nostram
591 1327 710 1379 docendi
723 1327 864 1384 rationem
872 1331 974 1391 tempe·

184 1391 318 1452 subimus,
330 1397 361 1442 ut
370 1391 452 1444 etiam
462 1395 513 1456 iis,
531 1395 577 1461 qui
588 1394 695 1444 Graece
705 1391 845 1452 nesciunt,
860 1392 976 1442 multum

185 1468 274 1509 tumen
285 1473 336 1508 nos
348 1458 382 1509 ad
394 1457 468 1514 illam
478 1460 580 1526 ipsam,
591 1474 662 1527 quae
671 1461 699 1510 in
709 1459 833 1510 manibus
844 1463 901 1518 est,
929 1471 976 1507 ua-

162 1564 165 1574 .
185 1524 327 1590 liecunque
338 1531 393 1587 est,
404 1526 523 1576 Marsilii
538 1527 794 1599 interprqatienem
805 1537 911 1576 commo
934 1525 976 1575 'us

183 1591 392 1656 intelligendam
404 1593 500 1642 auxilii
511 1594 645 1644 allaturos
656 1607 718 1644 esse
728 1606 878 1656 speremus.

102 1705 105 1711 ,
134 1684 136 1687 -
219 1655 273 1717 Qui
286 1663 376 1707 autem
391 1658 482 1710 aliena
495 1675 557 1712 esse
574 1659 643 1710 haec
657 1660 716 1708 eius
730 1669 880 1721 personae,
894 1668 977 1722 quam

144 1771 149 1784 ,
185 1719 238 1772 boc
247 1731 371 1786 tempore
383 1727 562 1788 sustinemus,
578 1730 685 1792 putant,
702 1722 819 1788 primurn
829 1720 882 1772 hoc
892 1721 977 1772 veliin

184 1787 212 1838 tn
227 1790 386 1840 memoriam
401 1799 546 1853 revocent,
562 1789 660 1857 quibus
675 1795 729 1837 tem
751 1788 844 1839 oribus
859 1785 976 1844 arsrhe·

184 1855 275 1905 torioa
285 1855 379 1908 doceri
390 1865 490 1923 coepta
501 1863 556 1917 est,
573 1854 685 1906 eosdem
695 1803 805 1904 habitos
815 1867 878 1917 esse
890 1860 917 1903 et
927 1867 976 1918 po·

185 1919 278 1973 liticos
294 1929 322 1974 et
335 1924 445 1975 dicendi
460 1925 616 1988 magistros.
651 1919 682 1968 ln
693 1933 746 1984 quo
761 1923 805 1978 ut,
820 1919 865 1982 qui
876 1923 933 1968 tunr
945 1933 976 1970 ss

185 1990 264 2056 εον)
275 2001 324 2054 pro
334 1988 436 2040 talibus
447 1985 633 2050 venditabant,
641 1985 753 2034 nimium
763 1981 814 2033 sibi
824 1986 976 2050 sumpsisse

140 2057 146 2061 ’
184 2055 291 2121 artique
306 2069 372 2106 suae
385 2068 436 2119 pro
451 2053 554 2112 soricis,
568 2051 647 2101 utita
658 2050 758 2113 dicam,
773 2047 924 2101 cothurnos
934 2052 977 2102 in·

184 2119 277 2172 duisse
293 2120 441 2179 fatearnur3
464 2132 498 2167 ex
518 2131 551 2166 eo
570 2122 662 2180 tamen
680 2116 741 2182 ipso
759 2116 879 2184 intelligi
897 2117 975 2179 lieet,

183 2201 310 2254 magnam
324 2186 442 2249 aliquam
456 2185 530 2232 iuter
544 2197 591 2232 ees
605 2181 753 2235 facultates
767 2184 926 2234 affinitatem
941 2197 975 2234 ae
1001 2191 1005 2194 ’

183 2252 392 2304 similitudinem
407 2260 477 2297 esse.
513 2247 608 2316 Neque
627 2252 698 2300 enim
713 2265 758 2302 res
774 2251 855 2316 plane
870 2247 976 2300 disiun·
1045 2249 1046 2273 ¹

183 2323 244 2369 ctae
258 2330 290 2365 ac
303 2312 451 2365 dissimiles
462 2314 537 2381 iungi
549 2331 581 2366 ac
591 2319 739 2382 permutari
748 2319 821 2370 inter·
831 2330 861 2366 se
871 2313 973 2374 solent,
1044 2361 1045 2364 ,

138 2381 145 2387 ”
183 2395 270 2447 neque
282 2382 424 2446 quisquam
436 2387 479 2431 est
493 2389 540 2433 aut
553 2383 594 2434 ita
607 2383 676 2436 duro
689 2399 737 2435 ore
752 2388 799 2434 aut
814 2384 853 2433 ita
866 2380 973 2432 bebeti-

181 2449 232 2496 bus
244 2446 346 2510 oculis,
361 2453 391 2497 ut
401 2463 494 2501 earurn
505 2465 584 2501 unam
595 2466 644 2516 pro
656 2451 745 2502 altera
754 2455 801 2506 aut
811 2449 872 2500 aliis
884 2453 975 2498 tentet

182 2513 331 2566 obtrudere
350 2521 397 2586 aut
416 2517 469 2568 sibi
488 2518 546 2584 ipse
566 2519 687 2585 patiatur
706 2516 826 2568 obtrudi.
864 2514 972 2564 Deinde
1043 2549 1044 2576 ,

180 2579 355 2646 Aristoteles,
366 2584 422 2650 qui,
433 2599 503 2652 quae
515 2587 594 2652 quasi
604 2584 682 2652 sylva
692 2599 724 2634 ac
730 2582 859 2634 materies
867 2581 974 2631 oratori

210 2662 231 2714 'l
245 2662 291 2710 Eos
301 2664 420 2718 delendum
430 2669 526 2712 videtin.
539 2666 629 2710 llubnlr.
642 2686 670 2701 ι-
678 2657 738 2708 Ant's
747 2678 767 2708 v.
776 2661 872 2706 ιιίιιιίιιιιι
881 2673 973 2732 repenle.
