2120 3018
372 160 592 216 onnrrorv.
842 123 878 214 aa

82 268 175 324 verbis
191 264 365 333 apertissime
388 265 497 331 colligi,
526 264 573 331 qui
596 262 718 330 quoties,
736 272 768 317 ut
785 265 829 330 tlt,
851 267 881 320 in

84 335 265 404 disputando,
282 331 415 381 aiustitia
428 337 560 396 evagatus
571 338 627 391 est,
644 332 679 381 ad
690 345 750 380 eam
759 334 881 396 rediens,

83 404 123 454 ait
132 417 163 452 se
173 401 264 451 redire
275 396 310 447 ad
321 397 362 458 id,
377 397 450 462 quod
464 399 605 463 quaeritur
619 402 647 445 ct
661 397 759 464 dequo
773 400 881 450 institu-

83 477 112 520 ta
123 475 168 520 ast
180 465 343 530 disputatio,
358 470 386 512 ct
399 463 432 512 ad
449 464 537 528 ipsum
551 461 615 512 libri
632 462 731 513 decimi
746 465 827 514 finem
842 466 882 516 ita

84 542 173 586 totum
188 543 341 582 sermonem
357 530 508 589 concludit,
523 535 553 578 ut
564 529 649 589 dicat,
665 531 808 580 colendam
820 545 882 582 essa

83 600 230 659 iustitiam,
242 601 278 646 -ut
289 602 317 646 et
329 595 468 646 nobismet
480 595 548 661 ipsis
563 600 591 644 et
604 593 666 654 Diis
680 597 884 648 immortalibus

85 666 272 718 amicisimus.
789 725 790 728 Ἴ

116 733 198 784 Haeo
209 730 296 795 igitur
305 732 466 793 argumenta
475 733 539 778 sunt
550 744 654 793 eorum,
662 732 709 798 qui
721 732 754 782 de
765 731 883 791 iustitia,

86 813 141 848 non
163 797 198 846 de
217 794 360 860 republica
384 795 560 860 praecipuam
585 799 776 862 quaestionem
794 799 822 847 in
842 796 883 848 his

84 863 207 929 dialogis
219 875 280 911 csse
291 863 376 910 aiunt.
412 862 472 920 Qua
482 863 509 910 in
520 865 658 914 sententia
667 865 809 915 Marsilius
819 863 882 924 fuit,

85 932 132 998 qui
153 927 265 996 quidem
278 928 308 976 in
320 925 400 976 holus
415 928 480 976 libri
497 937 657 995 argumento
675 932 716 980 ita
730 933 884 996 scripserit:

84 997 188 1063 Atque,
199 1001 230 1044 ut
238 1009 315 1058 saepe
324 993 353 1042 s'rs
367 992 407 1042 Isis
416 993 502 1055 libris,
518 997 565 1046 sed
571 995 716 1062 praecipue
728 996 758 1046 iss
771 996 884 1048 secundo

84 1065 217 1121 declarat,
238 1067 322 1110 totam
341 1059 543 1126 disputationem
561 1063 591 1111 de
608 1062 713 1113 iststits'a
726 1078 743 1113 a
756 1063 830 1114 nobis
845 1060 884 1113 in·
934 1117 940 1124 ,

84 1129 168 1180 scribi
192 1127 301 1187 accesit,
331 1133 409 1193 quant
427 1127 458 1176 de
477 1129 619 1194 republica.
647 1127 730 1179 idem
749 1131 834 1179 sentit
857 1134 886 1187 et

86 1193 249 1246 Chalcidius
267 1191 400 1259 principio
415 1197 618 1258 commentarii,
638 1211 719 1262 qucm
733 1195 844 1262 scripsit
855 1197 894 1245 in·

86 1264 241 1313 Timaeum.
277 1257 331 1309 Sed
355 1266 384 1308 ct
400 1258 549 1312 multorum
569 1275 603 1311 ex
623 1262 764 1312 veteribus
788 1262 885 1312 eadem

84 1329 140 1380 fuit
154 1327 259 1393 opinio.
293 1324 347 1374 Alii
361 1330 464 1387 tamen,
485 1341 601 1392 quornm
614 1343 669 1377 non
682 1329 772 1378 minor·
785 1335 828 1378 est
838 1342 885 1377 au·

86 1396 217 1454 cionitas,
236 1391 411 1458 praecipuam
426 1406 488 1442 esse
507 1399 622 1443 censent
640 1394 829 1459 quaestionem
849 1393 884 1442 de

85 1460 246 1528 republica,
265 1459 348 1524 idque
368 1456 411 1507 his
431 1460 599 1524 argumentis
619 1461 790 1509 confirmant.
825 1458 885 1508 Pri·

86 1543 174 1590 mum,
199 1526 272 1592 qood
290 1524 434 1589 inscriptio
457 1532 500 1576 cst
519 1526 549 1576 de
567 1524 709 1591 republica.
746 1525 827 1585 Quod
844 1539 885 1574 ur-

87 1598 249 1662 gurnentum
268 1597 299 1641 ut
318 1590 380 1656 plus
403 1588 503 1643 lrabeat
520 1593 663 1658 ponderis,
684 1591 833 1642 ostendunt
845 1592 885 1641 in-

88 1658 270 1726 scriptionem
292 1657 368 1708 illam
389 1671 450 1708 esse
472 1659 689 1724 antiquissimam
712 1660 886 1726 maximeque

86 1727 205 1792 γνησίων.
239 1724 451 1790 intelligendum
475 1731 518 1777 est
539 1726 622 1787 enim,
649 1739 704 1777 non
728 1740 824 1777 omnes
844 1726 886 1775 in·

84 1794 256 1858 scriptiones
270 1790 401 1841 librorum
412 1791 537 1843 Platonis
548 1799 595 1842 aut
608 1793 734 1859 antiquas
749 1799 796 1844 aut
807 1792 886 1843 indu·

86 1859 192 1910 bitatas
206 1871 278 1908 esse.
312 1855 381 1908 Nam
399 1864 428 1908 et
444 1858 553 1910 Plutoni
572 1860 705 1926 quaedam
719 1860 886 1919 tribuuntur,

46 1959 51 1964 -
89 1939 159 1992 quae
175 1924 302 1974 Platonis
316 1937 370 1974 non
387 1931 464 1987 sunt,
479 1924 658 1977 utsxiochus
671 1927 729 1976 sire
743 1927 886 1984 demone,

90 1993 137 2056 qui
157 1989 368 2056 Xenophanis*)
388 1990 526 2042 Platonici
541 1999 596 2054 est,
617 1994 690 2060 quod
704 1999 732 2042 ot
745 1993 887 2043 Mamilius

89 2058 183 2120 scirit3
201 2062 232 2107 ut
241 2056 396 2126 Alcibiades
407 2059 552 2120 secundos,
563 2073 643 2125 quem
653 2066 681 2110 et
689 2056 888 2120 Athenaeus**)

89 2124 130 2174 ait
144 2124 236 2189 putari
248 2121 455 2188 Xenophontis,
476 2131 504 2176 et
517 2126 607 2190 stylus
620 2127 680 2190 ipse
694 2125 724 2176 id
739 2125 886 2176 ostendere

91 2189 212 2251 videtum
231 2188 397 2254 etllalcyon
410 2193 468 2240 sire
483 2191 516 2240 de
529 2193 682 2243 sirutatione
697 2191 803 2242 formae
820 2192 887 2241 olim

90 2255 319 2324 legebatuninter
328 2269 413 2323 opera
422 2256 560 2320 Platonis,
577 2255 660 2312 hodie
670 2259 744 2310 inter
758 2257 886 2328 dialogos

127 2387 148 2441 ·)
164 2387 234 2430 Immo
244 2385 388 2437 Xenocratis,
398 2387 461 2432 cuins
469 2387 551 2432 librum
562 2397 608 2442 nugat
616 2396 713 2438 turdum
727 2387 884 2444 laudatitias.

21 2489 28 2494 ,
91 2441 169 2485 Lstrt.
181 2441 223 2486 lv.
235 2447 267 2492 1²,
286 2443 324 2485 nti
337 2443 390 2485 sirie
404 2445 539 2498 Messapiam.
556 2445 646 2488 Rsrhnlr.
658 2469 687 2479 -
701 2444 746 2488 Sed
761 2445 826 2486 huius
839 2455 885 2484 nors

91 2510 140 2540 ssse
150 2498 238 2542 idoneis
253 2499 376 2540 rstinnibus
386 2497 485 2541 ostendit
495 2501 561 2542 Dion.
571 2499 735 2554 Wynperssins
750 2499 841 2539 dissert.
855 2496 884 2536 tls
929 2499 932 2509 '

90 2551 221 2596 Xenocrste
240 2552 393 2596 Chulcsdonio
406 2553 434 2596 Ρ.
447 2553 478 2596 11.
493 2568 511 2597 c.
522 2551 604 2608 vsi-2
625 2569 676 2610 pag.
687 2557 727 2598 1⁹³
736 2563 770 2606 sq.
780 2547 829 2592 siri
842 2547 884 2592 lsi·

90 2607 163 2650 bunut
172 2608 284 2652 Aeschini.

118 2665 151 2722 ⁸¹)
165 2662 224 2710 vite
233 2665 252 2708 1²
254 2661 364 2709 siricium
373 2662 435 2708 still.
447 2663 485 2708 Gr·
496 2661 548 2708 vot
557 2659 588 2706 11.
598 2675 622 2720 p,
632 2668 666 2712 ιε.
