2150 3012
205 177 239 227 82
492 165 647 222 onnrlo
663 169 716 223 lx.

207 275 358 328 trivialium
373 271 630 339 ludimagistromm
646 269 760 354 scholae
779 271 891 324 assidue
909 287 1007 342 perau-

206 349 286 404 nant‚
303 340 386 393 facile
402 346 557 389 contemno.
594 337 631 387 Τὸ
644 336 694 406 γὰρ
706 355 734 388 ευ
747 337 802 398 μετ’
818 339 893 400 ἐμοῦ,
906 342 947 392 ait
958 357 1008 392 ne·

121 407 124 415 ’
207 413 266 460 scio
282 410 343 475 quis
358 403 431 472 apud
441 403 651 470 Aristophanem
659 405 692 468 *).
726 405 763 455 Et
773 403 861 457 habco
875 420 931 457 non
942 409 1007 457 aub-

208 476 359 544 scriptores
374 480 455 536 atque
466 471 696 536 adstipulatores,
711 471 760 521 sad
773 478 902 523 auctores
911 474 1009 538 potius

208 541 289 594 lluios
300 539 454 590 sententiae
464 551 542 586 meae
553 551 602 586 eos
615 537 701 596 viros,
712 551 827 603 quorum
837 541 1008 590 auctoritate

208 615 283 660 tutus
303 611 393 655 totum
406 602 481 652 istud
498 616 656 652 sennonem
670 618 757 669 genus
773 618 827 653 non
842 605 1007 656 extimesco.

209 673 339 737 Propono
349 669 428 719 vobis
440 669 664 734 gravissimorum
676 671 842 734 scriptorum
852 669 939 720 libros
951 673 1006 720 uti-

209 739 331 791 lissimos
347 742 375 786 et
389 736 548 801 aptissimos
563 734 598 783 ad
612 749 705 784 veram
719 741 748 785 et
761 735 879 786 solidam
894 735 1007 787 laudem

210 803 386 869 eloquentiae
398 800 617 866 comparandam,
652 801 682 849 ln
697 803 737 851 eis
752 802 902 852 tractandis
916 808 945 852 at
958 817 1008 854 ax·

209 868 345 938 plicandis
364 870 405 918 ita
422 881 531 916 versor:
559 866 625 916 nolo
646 867 795 934 quidquam
815 863 1008 936 qi'oprsaesirapos

210 937 318 995 dicere,
328 933 428 984 sedita
439 939 527 993 carte,
536 938 568 983 ut
576 933 611 984 de
621 940 683 984 toto
692 935 748 984 isto
759 933 948 986 allatratorom
957 949 1008 1004 ge-

210 1015 276 1054 nere
286 999 380 1052 dicere
393 999 522 1050 audeamt

330 1097 492 1166 Μωμὴσεταί
501 1118 540 1158 τις
551 1100 652 1152 θᾶσσον
662 1097 880 1167 ἢμιμὴσεται“).

211 1200 264 1262 Qui
275 1199 362 1252 libros
371 1199 582 1252 Rhetoricorum
593 1199 627 1250 ad
636 1197 807 1252 Herennium
821 1207 870 1252 aut
884 1200 1005 1266 aliquam

211 1268 353 1338 ¹Ciceronis
365 1270 518 1319 orationem
529 1279 668 1332 exponere
679 1267 745 1316 etin
755 1267 1007 1382 funeribusacsta-

209 1335 285 1386 tibus
296 1347 455 1386 caussarum
464 1341 492 1386 et
502 1335 530 1384 in
542 1333 638 1400 liguris
649 1347 681 1383 ac
692 1339 754 1400 trop
768 1333 943 1385 sindicandis
952 1353 1006 1395 μει-

211 1399 380 1470 ρακιεύεσθαι
387 1401 502 1468 possint,
511 1414 646 1465 nunquam
655 1399 734 1450 robis
745 1398 866 1450 defuturi
875 1407 949 1451 sunt:
959 1403 1007 1466 qui

212 1483 245 1530 ea
254 1473 410 1534 praestare,
424 1483 493 1535 quae
504 1481 554 1516 nos
565 1474 612 1515 aut
622 1471 793 1532 praestamus
806 1472 854 1516 aut
862 1473 1006 1532 praestare
1057 1501 1058 1504 κ

212 1539 352 1596 conamur,
370 1549 424 1585 noo
435 1548 543 1600 semper
553 1532 676 1584 affuturi.
711 1533 787 1600 Ego,
796 1547 830 1583 ne
842 1533 920 1648 quid,
931 1533 1008 1598 quod

210 1616 333 1653 mearum
362 1601 461 1652 artium
472 1603 520 1660 ait,
534 1614 551 1648 a
560 1613 604 1650 me
614 1598 768 1652 desiderari
770 1613 843 1714 (poss
856 1607 878 1660 t,
893 1612 1008 1664 operam

143 1705 148 1715 s
212 1668 293 1720 dabo.
356 1682 388 1718 os
410 1667 533 1734 'cogitata
552 1665 595 1726 id,
620 1664 695 1729 quod
717 1677 769 1728 apu

211 1735 342 1800 scriptum
353 1739 408 1784 est:
429 1749 484 1783 non
495 1733 563 1784 satis
574 1745 636 1781 esse
647 1729 682 1778 ad
692 1729 803 1779 morbos
814 1731 965 1791 sanandos,
980 1733 1009 1781 si

211 1799 335 1852 medicos
350 1806 426 1850 recte
441 1813 474 1848 ac
484 1797 633 1862 diligenter
644 1809 742 1844 munus
752 1811 830 1846 soum
841 1797 935 1858 obeat,
950 1799 1009 1848 nisi

212 1873 241 1916 et
251 1866 284 1916 ab
297 1872 414 1934 aegroto
424 1865 485 1930 ipso
496 1867 525 1912 et
534 1861 568 1910 ab
579 1861 632 1921 eis,
644 1861 690 1924 qui
700 1860 726 1910 ei
738 1861 872 1926 assident,
886 1869 1008 1914 commu-

212 1933 239 1984 ni
251 1947 337 2001 opera
345 1929 378 1982 ac
389 1926 534 1997 diligentia
543 1925 645 1977 modici
654 1933 770 1980 conatus
780 1927 952 1982 adiuventur.

806 1666 1009 1732 Hippocratem

258 2065 279 2118 ⁸)
294 2061 390 2106 seim.
399 2063 447 2103 cor.
459 2059 498 2102 lir.

205 2120 480 2232 ''flagitat-imum
495 2119 524 2164 de
537 2117 594 2174 glor.
608 2117 691 2164 suso
705 2135 758 2178 pag.
771 2123 819 2164 tlt.
839 2119 927 2176 (linitio
937 2121 1011 2171 Tam.

213 2259 215 2266 >
240 2245 282 2297 ⁶¹⁸)
296 2241 426 2296 Apbcrisra.
441 2246 461 2286 l.
474 2239 543 2284 Tam.
554 2237 599 2283 111.
612 2229 664 2294 pap.
678 2239 726 2279 tot.
741 2233 777 2278 od.
790 2228 881 2275 Karia.
899 2237 931 2277 tat
942 2237 966 2280 dl
979 2243 1010 2284 οὔ

211 2292 480 2391 μποςννὲςυκῖἰῶᾜίχῖἴ
493 2294 608 2393 migma
623 2291 731 2338 noum,
744 2285 797 2330 titt
809 2285 845 2326 stoi
858 2285 1009 2330 slavoniam

211 2358 224 2384 ι
438 2357 451 2383 x
483 2357 508 2383 rs
598 2366 605 2378 ·
