2140 3010
105 227 108 236 .
181 185 232 238 rm
453 160 606 236 ouarro
629 183 713 236 xix.

178 301 225 340 ma
262 284 357 338 ilicum
371 283 493 353 agitaret
505 285 612 348 animo,
631 284 736 337 nonde
756 285 849 354 gloria
860 283 916 340 Dei
935 294 982 340 aut

179 355 302 406 utilitato
314 352 440 420 publica,
454 352 505 403 ned
520 353 555 404 de
569 353 643 404 arcio
657 359 687 404 et
700 355 789 406 naccis
800 354 859 406 nain
868 353 981 422 implen-

75 473 77 486 ,
179 422 223 473 dia
234 427 368 490 perpetuo
379 420 527 488 cogitaret.
544 459 546 466 s
562 417 626 472 Non
637 425 690 482 ent,
701 419 799 472 Patren
810 435 854 471 am
873 421 981 484 lissimi,

178 503 235 540 non
246 494 290 540 eat
300 487 425 540 eiusdem
434 487 552 554 ingenii,
566 487 701 552 pecuniae
710 487 816 538 servire
827 495 856 539 et
885 489 978 539 omini-

177 555 230 607 bur
243 557 390 622 imperare.
428 552 507 604 Duos
520 554 644 620 impuros
659 552 798 617 hominen,
809 553 980 606 -Stratoclem

179 628 209 675 at
217 621 425 674 Dromoolidem
436 620 514 671 aiunt
527 621 594 672 oiim
602 621 797 672 tractationem
810 620 979 688 reipublicae
1054 663 1055 684 ,

177 687 676 751 mensimcorcomenon-osonum).
708 680 772 738 Non
782 694 827 738 eet
836 687 978 752 credibile,

177 768 343 872 quemffuam
363 768 398 805 ex
413 753 493 804 vobis
514 756 554 804 ita
568 755 716 804 animatum
731 769 806 817 ease,
826 754 876 806 ned
889 761 979 807 tamen

166 837 265 890 procu
288 819 755 888 aboitagubernaculiaccclesiae,
774 820 978 887 ni‘quiaPonti-
1020 829 1021 832 ’
1054 855 1055 882 ,

178 891 290 940 ilcatum
299 888 412 939 messim
422 886 477 938 eibi
488 901 521 938 ac
530 889 589 939 auis
599 887 786 940 iore-auream
798 896 885 954 putat.
920 889 978 941 Am·
1054 887 1055 904 ¹

177 956 298 1008 bitioeur
318 956 410 1005 omnia
428 955 617 1022 perturbaret,
635 953 705 1009 nihil
724 971 839 1022 usquam
857 955 978 1022 quietum

179 1036 243 1074 eoae
260 1027 417 1088 pateretur,
439 1023 520 1073 bellio
541 1021 636 1072 orbem
654 1027 979 1088 terrarom'concuteret3
1051 1083 1053 1088 Ι

179 1090 243 1141 dum
254 1104 367 1140 suorum
378 1089 489 1152 titulos,
509 1089 656 1150 ditionem,
677 1089 840 1156 dignitatem
854 1099 979 1158 augeret,

178 1156 255 1208 cedia
269 1145 442 1222 apostolicae
456 1157 619 1224 dignitatem
633 1157 662 1206 in
678 1157 822 1223 quodlibet
832 1151 987 1208 discrimen
1054 1165 1055 1170 ’

178 1222 339 1276 adduceret.
373 1223 447 1285 Quid
457 1223 598 1276 crudelem
608 1225 753 1275 et'recenti
762 1237 871 1304 temper
881 1239 979 1275 cruore

177 1291 359 1359 gaudentem,
373 1292 489 1343 ultionis
502 1291 645 1356 cupidum,
665 1291 831 1358 ignoscendi
846 1292 979 1354 nescium,

178 1359 224 1410 cui
232 1374 283 1427 pro
294 1359 397 1411 virtute
408 1359 451 1410 ira
461 1358 506 1419 sit,
514 1372 568 1424 pro
580 1357 699 1408 consilio
710 1357 797 1420 furor,
809 1373 859 1425 pro
871 1360 979 1416 rationo

176 1428 310 1494 impetus,
328 1424 469 1493 quomodo
483 1423 667 1476 blandissimo
680 1425 722 1476 ilii
733 1440 765 1476 nc
774 1425 918 1476 lenissimo
928 1422 981 1477 Pa·
1054 1413 1055 1482 ff

176 1493 230 1545 trie
248 1492 354 1546 nomini
373 1506 571 1558 rosponeurum
591 1504 654 1544 esse
673 1485 811 1544 censetlal
838 1489 928 1553 Quidl
956 1493 981 1542 si
1054 1497 1055 1516 ¹

197 1561 239 1611 oia
254 1574 284 1611 ee
300 1558 489 1626 voluptatibus
500 1559 676 1612 vinciendum
693 1573 725 1609 ac
735 1558 981 1626 constringendum

177 1576 256 1680 aedit
265 1639 414 1694 earumque
424 1627 586 1694 turpissimo
597 1625 733 1679 famulatu
742 1632 876 1678 neaus'et
889 1625 981 1678 irreti-

83 1693 91 1699 '
176 1700 222 1745 tua
233 1693 366 1744 incanum
378 1708 481 1756 coeno,
499 1700 709 1760 tamquamnun,
748 1708 763 1745 e
799 1693 981 1745 etuovoluta-

175 1766 231 1822 tur,
242 1759 309 1840 quid
320 1760 354 1811 ab
367 1775 401 1812 eo
413 1761 481 1812 boni
491 1761 599 1827 operari
609 1766 657 1812 aut
667 1761 714 1828 qui
742 1776 787 1812 ma
798 1761 809 1810 i
819 1761 913 1828 potius
923 1771 980 1838 ”93¹

176 1832 264 1878 metor
282 1827 392 1895 potasti
409 1827 526 1890 Libere,
544 1827 624 1878 vobio
643 1827 833 1891 audientibus,
853 1827 888 1878 de
902 1827 981 1878 vitun

175 1892 286 1962 loquor.
321 1893 464 1962 Nusquam
482 1895 555 1945 enlm
572 1895 661 1945 tutior
681 1901 725 1946 eat
746 1907 878 1946 accusare
900 1891 981 1956 vitiu,
1054 1937 1055 1948 ,

176 1975 259 2079 guam
273 1975 335 2015 com
351 1962 441 2042 excit
449 1961 500 2040 oui
513 1959 629 2040 audiunt
638 1969 719 2011 nemo
731 1967 786 2040 cat,
806 1960 853 2026 qui
862 1973 900 2040 ⁰⁸.
906 1973 981 2026 quae

195 2029 306 2081 icuntor
321 2035 457 2096 autprcarr
476 2033 568 2092 poanrt
587 2027 623 2078 ad
643 2032 836 2093 sepertinere.
871 2025 901 2075 Si
915 2026 982 2090 quis

173 2095 185 2146 i
207 2097 262 2148 'tur
275 2100 331 2157 est,
345 2121 378 2132 -
406 2093 484 2143 ualea
498 2093 647 2160 plerosque
662 2105 757 2143 omnes
770 2095 907 2142 exvaatro
921 2103 981 2141 am-

173 2176 192 2230 p
204 2165 300 2215 iasimo
311 2109 593 2276 nolendidimimolffue
601 2158 723 2224 collegio
733 2171 797 2208 earo
805 2161 980 2220 compertum
1054 2191 1055 2202 ,

174 2236 231 2292 eat;
249 2227 298 2278 sed
311 2232 404 2277 tamen
417 2225 480 2276 lieri
495 2227 543 2277 nul
556 2241 572 2277 o
585 2225 668 2277 modo
684 2227 789 2290 potest,
806 2228 906 2272 utnon
921 2228 980 2276 etc

174 2295 253 2345 vobis
268 2293 355 2360 aliqui
369 2293 520 2355 excellant,
531 2321 564 2342 η
578 2294 626 2361 qui
639 2297 701 2343 tota
710 2291 768 2342 vita
777 2289 880 2342 nullam
891 2291 981 2358 cigni-

172 2359 332 2412 ficationem
342 2361 477 2422 avaritiae
488 2360 610 2424 dederit,
623 2360 670 2426 qui
680 2359 739 2410 sine
751 2359 781 2410 in
794 2359 903 2424 magnis
917 2360 979 2426 opi·

170 2427 224 2478 bus
234 2432 317 2480 natus
324 2429 384 2481 aive
395 2429 548 2482 etenuiboa
558 2441 591 2482 ac
600 2425 718 2479 modicia
729 2426 763 2478 ad
772 2425 922 2545 amoliorea
929 2440 980 2477 co-

171 2495 367 2564 pioaioresque
376 2498 539 2564 perductus,
553 2508 661 2548 omnam
672 2496 806 2563 pecuniae
830 2499 937 2546 ructum
947 2495 980 2546 in

172 2562 350 2615 sublevandis
369 2565 516 2638 egentibua
536 2563 658 2632 positum
678 2563 801 2628 duxerit,
820 2562 867 2630 qui
882 2575 979 2614 arcem

172 2653 368 2762 m'ld’gutamlr.
382 2660 500 2716 praecept.
514 2669 562 2711 ltr-
575 2657 634 2748 reip,
648 2669 700 2712 pag.
715 2657 764 2702 198.
779 2649 846 2700 'form
859 2651 904 2697 ix.
916 2652 976 2697 Bali.

1051 2053 1055 2176 l
