2150 3012
186 141 235 194 1⁵0
363 90 368 98 ¹
450 134 605 190 ORATIO
625 133 725 206 XVII,

185 239 356 296 conferatur.
389 235 460 290 Nem
469 238 494 289 si
504 237 646 299 Platones,
660 231 870 304 xenophontes,
880 237 979 290 Aristo-

184 309 270 371 teies,
284 303 510 372 Theophrastus,
523 302 595 355 adde
613 301 695 368 huc*)
710 305 793 356 etiam
808 302 980 372 Plutarchus,

185 373 441 439 Galenos,sehquo
451 371 545 438 piures
553 372 676 432 nominc,
688 385 722 430 eo
732 370 827 438 plures
838 379 981 424 occurrunt

185 441 214 498 di
235 443 263 492 ni
274 441 323 508 qui
331 441 519 499 conficientur,
533 438 559 488 si
572 437 644 488 tales
659 438 743 488 etiam
756 435 832 489 viro's
843 437 926 500 ltaliu
936 452 979 489 ex·
1054 459 1055 494 ς

183 458 309 573 ωῆειεῐ,
336 507 384 574 qui
403 505 588 572 cogitationes
610 518 674 554 suas
697 505 925 571 perscripsissem
945 519 977 555 ec

185 589 327 636 sermone,
347 586 401 640 quc
418 569 594 636 vulgcltalia
610 569 708 621 utitur:
728 586 784 622 nun
803 571 857 638 ego
872 571 977 637 quidem

159 641 162 649 '
183 649 346 711 propterea,
358 652 394 690 ne
405 636 567 703 sicquidem
578 641 688 686 veteres
703 635 768 688 illos
782 637 921 702 sapientes
934 651 978 704 pa·

183 718 242 764 tres
252 723 284 758 ac
294 707 379 758 duces
389 703 573 771 negligendos
585 703 716 766 dicerem,
726 703 775 754 sed
785 710 878 755 tamen
888 706 977 771 aequi-

184 789 235 827 ore
244 774 336 826 animo
347 771 457 830 ferrem,
466 772 489 820 si
502 772 562 836 quis
571 767 679 820 Graeco
690 784 818 820 sermone
827 773 977 822 accuratius

184 839 318 894 discendo
332 836 515 905 supersedere
533 835 628 888 uellet
662 834 741 887 Nunc
755 851 816 888 cum
830 837 978 890 dominata
1054 871 1055 896 q

184 915 214 960 et
223 904 372 958 uernacula
381 903 474 956 omnia
482 909 559 954 tanto
570 902 762 954 iaceantinfre
770 903 882 954 illorum
892 903 919 964 di
940 906 977 956 ni·
1054 941 1055 962 2

184 980 282 1036 tatem,
300 977 402 1038 quanto
413 971 485 1021 imae
495 969 669 1036 maximeque
680 969 829 1036 depressae
839 919 978 1024 convuffies
1054 989 1055 994 ¹

183 1039 258 1092 inira
280 1039 498 1090 editissimcrum
522 1036 669 1103 coeloque,
694 1043 725 1088 ut
741 1040 842 1104 poetae
865 1037 978 1104 loquun-

183 1105 282 1169 tur**),
292 1105 454 1156 minantium
464 1104 598 1162 montium
612 1105 767 1155 cacuminat
786 1104 846 1171 quis
860 1105 913 1154 iste
923 1111 979 1156 tem

79 1198 84 1205 ·
183 1173 278 1225 mollis
289 1187 321 1223 ac
332 1172 482 1234 delicatus,
496 1171 557 1237 quis
570 1176 627 1220 tam
640 1170 674 1220 ab
690 1171 765 1222 omni
774 1185 841 1222 vera
849 1171 979 1238 pulcritu-
1054 1177 1055 1190 ¹

183 1241 248 1292 dine
258 1255 371 1292 aversus
383 1245 437 1300 est,
452 1237 499 1304 qui
511 1237 636 1288 lahorem
649 1250 704 1286 non
716 1238 876 1298 maxirnum,
890 1249 980 1306 neque

182 1305 304 1360 fortasse
315 1311 430 1368 tantum,
442 1309 559 1372 quantus
569 1303 653 1370 vulgo
663 1309 789 1370 putatur,
805 1304 840 1355 ad
848 1304 914 1356 iilos
924 1319 980 1356 ma·

182 1375 273 1427 ximus
286 1375 365 1426 viros
378 1371 469 1423 intelli
491 1371 578 1420 endos
596 1370 760 1435 capiendum
777 1371 877 1440 negeti
898 1372 981 1433 Quod

183 1447 213 1492 et
221 1443 311 1508 ipsum
322 1441 356 1492 de
367 1445 461 1492 vetere
499 1437 575 1487 atina
584 1435 680 1503 lingua
690 1437 793 1491 dictum
805 1439 894 1505 accipi
903 1439 979 1492 vole.

181 1507 253 1560 Nam
263 1511 302 1561 ita
311 1522 354 1559 me
365 1504 414 1556 ille
429 1509 502 1556 amet
516 1503 637 1554 oninium
653 1511 818 1572 praepotens
828 1505 916 1570 Deus,
932 1519 979 1557 au·

81 1591 88 1601 ¹
182 1575 299 1639 ditores,
309 1581 402 1641 utego
413 1571 492 1622 vohis
502 1571 536 1621 de
546 1583 610 1622 mec
619 1584 702 1622 sensu
711 1573 800 1624 iibere
809 1573 910 1652 atquei
950 1586 981 1623 e·

182 1657 237 1694 nue
246 1643 354 1710 icquar.
389 1638 420 1692 Si
430 1653 465 1690 ex
473 1635 583 1688 Latinis
592 1639 647 1689 acri
665 1640 774 1692 ¹turiims
785 1653 920 1692 neminem
950 1655 980 1692 a·

182 1707 311 1760 heremus
348 1711 441 1756 meter
459 1705 636 1769 Ciceronem,
679 1707 816 1774 irgilium‚¹
835 1707 979 1772 Senecam,

180 1773 302 1836 livium,
346 1771 457 1834 linium,
474 1771 617 1837 Tacitum
634 1778 663 1824 et
677 1779 785 1826 cunstat
800 1774 902 1826 inultos
914 1787 979 1826 esse

179 1841 265 1903 aiios,
279 1835 326 1906 qui
339 1837 369 1888 in
381 1837 456 1908 idem
473 1837 564 1890 album
576 1839 678 1891 referri
690 1847 806 1907 queant,
824 1841 875 1892 sec
887 1841 912 1893 si
926 1855 979 1893 eus

179 1907 258 1958 soles
269 1904 444 1967 haberemus,
454 1905 528 1956 iusta
536 1911 628 1956 tamen
639 1905 707 1956 mihi
717 1921 816 1958 caussa
824 1907 978 1970 rideretur,

179 1987 227 2024 cur
237 1972 273 2023 ad
283 1984 332 2022 ecs
341 1969 540 2038 intelligendos
555 1971 678 2038 linguam
688 1972 816 2023 Latinam
829 1973 909 2024 aride
920 1975 979 2026 dis·

116 2033 117 2040 ’
178 2052 316 2089 ceremur.
348 2037 890 2152 Nuncacceditalialongeffiravissimu,
903 2053 979 2102 quae
1054 2055 1055 2060 ¹

177 2118 231 2156 uos
243 2103 391 2155 incendere
409 2105 553 2167 utriusque
572 2101 664 2152 studio
685 2101 719 2152 de
740 2105 793 2152 eat.
827 2099 897 2151 Nam
911 2105 980 2156 curri

177 2183 270 2220 earum
283 2167 454 2235 linguarum,
474 2181 589 2232 quarum
603 2183 669 2218 usus
686 2167 801 2220 eruditis
812 2180 874 2217 eum
888 2167 977 2236 vulgo
1054 2193 1055 2198 =

176 2236 327 2286 communis
341 2240 393 2296 est,
406 2245 587 2299 unaquaeque
598 2240 626 2284 et
636 2234 720 2285 certis
729 2240 760 2285 et
767 2236 892 2299 angustis
901 2234 979 2288 limi-

174 2301 249 2354 tibus
259 2301 467 2368 ciccumscripta
476 2305 617 2372 teneatur,
631 2299 741 2365 hanun,
754 2301 788 2352 de
803 2301 901 2420 quibus
913 2304 978 2371 ugi-

174 2384 248 2431 mus,
262 2384 328 2420 usus
342 2373 404 2421 tuto
418 2366 616 2436 propemodum
630 2374 764 2420 terrarum
777 2381 809 2420 cr
828 2367 978 2424 ediffusus

175 2441 228 2488 est.
261 2434 357 2488 italice
375 2435 537 2504 loquentem
558 2435 614 2488 suli
636 2435 703 2488 itali
722 2435 895 2506 intelligent3
924 2439 978 2506 qui

242 2540 264 2593 ⁸)
280 2537 328 2582 cic.
341 2537 453 2594 Philipp.-
461 2535 531 2582 xm.
543 2541 564 2582 2.
574 2543 596 2583 8.
609 2538 687 2584 cudite
699 2539 794 2586 Antonii
810 2541 936 2588 cellutam
949 2547 977 2586 et

172 2590 833 2708 ‘itucemeeicffeeimcrff‘ffl
