2140 3010
360 151 511 208 ossnrro
533 154 600 208 XX.
828 162 875 216 itt

81 255 193 310 dicandi
211 255 252 307 tni
271 250 405 318 etodium,
425 255 536 320 denunt3
555 256 729 325 aegritudine
748 258 878 328 obstupe·

81 325 172 376 fectus
192 332 235 374 eet
252 321 372 388 enindus3
392 322 466 372 oculi
483 322 661 389 lacrymando
682 325 799 389 deieeni3
819 337 877 382 uox

80 393 142 458 ipsa
154 396 269 458 pectore
285 403 318 440 ae
331 387 629 471 'faucibusqinterofllunie
639 392 742 472 exitum
752 395 876 459 reperire

81 455 890 594 deretinitilieti'lisisliiiiutliflll·

80 590 133 641 tibi
142 589 248 640 maiore
256 590 329 640 ueris
340 603 391 656 pro
401 603 495 640 umore
505 603 573 656 erge
585 605 628 642 rue
640 597 689 642 tuo
702 591 885 660 uidebamus

81 671 124 717 eo,
135 657 270 706 moriente
281 662 318 716 tc,
330 656 422 706 omniu
432 655 620 708 conciderunt.
643 659 774 710 Conditor
783 667 876 712 tumeo

10 759 20 770 .
81 728 210 790 quantum
224 728 337 788 potero,
356 728 386 772 et
398 736 505 774 ornnem
515 722 703 776 difficultatem
717 726 821 791 pietate
830 743 875 778 ru·

81 802 178 856 perere
188 788 319 840 conabor.
355 787 502 840 Sive-enim
514 789 618 856 aliquid
630 790 763 854 effecero,
778 800 875 860 gratus

81 862 194 922 orgeto,
205 856 409 923 quoquomodo
421 857 508 922 potui,
520 855 706 921 indssediea13
724 859 782 910 nive
792 860 875 912 edan

80 923 108 972 in
127 922 219 974 medio
239 935 321 973 cursu
336 921 480 983 deiecere,
502 921 555 974 hoc
573 926 663 990 ipeurn
680 923 748 976 mihi
766 926 874 994 glorier

81 987 191 1050 ducam,
206 989 281 1055 quod
294 988 329 1040 de
341 989 397 1040 truie
412 988 539 1042 laudibus
552 991 646 1044 dicere
661 994 816 1058 cupientem
826 993 874 1046 ob·

81 1055 169 1106 ruerit
183 1061 266 1121 utque
279 1059 450 1121 oppresserit
460 1056 550 1108 dolor.
587 1057 667 1110 Nunc
680 1073 783 1126 quaero
797 1059 874 1114 obte·

80 1129 194 1188 sterque
207 1137 270 1183 roe,
284 1124 440 1188 quicunque
454 1123 573 1185 edentis,
587 1130 618 1174 ut
627 1125 663 1174 ed
671 1125 756 1178 breve
766 1132 874 1192 tcmpnn

80 1189 267 1240 intermittatis
287 1188 405 1254 gernitue
419 1194 541 1249 vestroe,
559 1188 680 1254 nullique
696 1189 732 1242 ex
751 1193 874 1244 innume·

80 1253 161 1305 nubili
170 1255 252 1320 copie
262 1267 370 1315 eorum,
389 1267 458 1318 quae
470 1253 503 1303 de
514 1253 563 1303 illo
574 1253 628 1304 dici
638 1264 765 1320 potsunt,
785 1273 874 1325 pauco

79 1319 186 1382 libenti,
197 1319 331 1372 obductos
342 1320 477 1384 tantisper
492 1326 520 1370 et
533 1325 665 1371 avocatos
681 1319 715 1371 ub
724 1325 873 1378 atrocitate

78 1389 149 1437 nuti
158 1385 279 1436 vulneris
289 1384 395 1435 animos
405 1383 598 1450 adhibeutle*).
741 1431 743 1436 .

113 1453 235 1504 Primum
245 1450 341 1518 igitur,
359 1451 569 1518 sinplendurem
579 1459 607 1505 et
623 1453 775 1506 claritatem
790 1467 872 1522 gene·

78 1519 118 1569 rin
128 1519 164 1569 ud
174 1517 438 1570 commendationem
449 1521 588 1585 pertinere
597 1522 736 1582 volumus,
750 1521 823 1600 quod
833 1523 874 1572 ito

77 1585 139 1636 fere
152 1590 250 1634 natura
262 1591 447 1649 comparatum
463 1593 517 1650 est,
537 1593 566 1638 ut
578 1601 631 1654 que
641 1587 668 1638 in
678 1586 785 1640 iunrilre
793 1587 873 1640 multi
956 1637 961 1648 ,

77 1651 215 1721 praeclari
233 1653 389 1718 virtuteque
409 1659 438 1702 et
457 1667 547 1704 rerurn
567 1661 705 1720 gestarum
724 1655 815 1721 glorio
833 1655 873 1706 in·

77 1720 173 1784 nignes
183 1719 235 1768 vlri
245 1716 407 1778 floruerunt,
423 1733 458 1770 cx
467 1721 563 1772 eadem
573 1722 618 1787 qui
630 1729 704 1782 nunt,
723 1735 817 1772 eurnrn
828 1735 873 1772 ve·

79 1785 165 1852 stigio
182 1785 282 1851 eupide
301 1794 512 1857 pernequuntur=
538 1803 608 1854 quae
626 1794 687 1838 tota
704 1789 786 1840 ltulio
804 1803 872 1856 genn

80 1852 236 1904 Elatensium
247 1850 404 1918 Principum
414 1853 742 1906 lumiliaerelilluetriunn
751 1856 872 1908 virorum
974 1883 979 1890 -

79 1917 256 1971 multitudine
266 1919 312 1970 vel
324 1921 419 1972 traditi
430 1936 447 1972 a
458 1922 610 1973 maioribus
618 1922 726 1988 imperii
738 1923 872 1989 magnitu-

80 1986 145 2036 dine
156 1993 184 2036 et
193 1987 249 2040 euti
270 1985 356 2039 nitate
366 1989 496 2054 anteponi
506 1987 615 2054 potenti
629 1987 683 2040 Sed
694 1989 722 2038 in
732 1986 784 2040 huo
792 1994 871 2056 perte

80 2066 136 2104 non
145 2052 260 2104 immorn
279 2067 323 2116 or,
344 2055 494 2120 nenplura
504 2056 597 2108 dicere
607 2061 636 2106 et
648 2055 677 2106 in
691 2070 722 2106 re
735 2060 791 2106 tem
806 2061 873 2107 note

80 2131 313 2184 supervacaneum
332 2130 390 2183 eet,-
413 2129 442 2172 et
459 2123 594 2188 temporie
613 2123 758 2190 augustine
779 2119 872 2189 proiti-

79 2185 159 2247 leent,
173 2193 202 2237 et
213 2186 326 2266 quisuis
336 2189 497 2254 ueprupriie
507 2189 635 2240 leudibus
645 2189 776 2251 abundet,
790 2187 816 2239 ei
827 2201 871 2238 or·

79 2253 171 2305 nendo
187 2251 279 2304 elrene
293 2257 470 2319 conquirere,
489 2255 609 2306 alienum
624 2261 706 2323 etque
721 2255 871 2307 absurdum

80 2318 197 2370 videtur.
225 2319 382 2380 Quamlibet
392 2321 511 2381 obscura
520 2329 549 2373 et
558 2323 666 2374 obiectu
675 2321 781 2374 familie
791 2326 871 2372 nanu

76 2383 361 2454 iuineetllippolytue,
370 2387 500 2454 cumipse
508 2388 648 2440 illuetrure
659 2389 868 2440 etednummum

76 2451 220 2518 dignitatis
233 2453 339 2502 culmen
350 2453 485 2504 extollere
500 2455 645 2520 potuieuet.
680 2454 870 2505 llluntrieeinre

71 2524 166 2568 outoni
176 2522 204 2566 ct
213 2519 439 2585 eplendidlrnirnn
449 2524 530 2571 natue
536 2526 687 2584 comant,
693 2521 769 2572 itone
774 2521 873 2584 gennit,

90 2603 94 2610 ’
114 2606 137 2661 ·)
152 2607 201 2652 cie.
217 2609 315 2666 lleruep·
332 2613 365 2654 lo.
386 2613 473 2661 Quen,
489 2625 517 2653 ne
533 2609 600 2666 pluro
613 2611 643 2656 de
656 2625 681 2656 re
691 2606 873 2663 nininelequin

73 2662 155 2714 dultin,
169 2663 274 2710 adhelete
284 2665 406 2711 animaret
413 2672 497 2710 mm
504 2671 600 2742 frema.
612 2723 668 2776 m
