2140 3010
195 163 245 216 ns
412 117 735 216 x‘earininnrioa

193 261 397 326 naissensibus,
412 263 642 316 etincredibilem
652 262 788 329 quandam
802 265 894 316 animo
908 270 993 333 perci-

194 332 273 400 piunt
284 331 470 397 voluptatem:
489 345 543 409 ego
557 345 619 382 cnm
632 330 746 396 ingenia
759 336 852 382 vestra
863 332 996 401 ingenua·

193 413 253 449 rum
264 397 364 450 aruum
374 403 531 466 praeceptis
543 411 561 448 a
573 412 617 448 me
633 396 755 457 consite,
771 397 892 450 maiores
907 403 994 467 quoti
1049 421 1050 426 ¹

193 465 239 518 die
250 464 285 516 ed
295 465 426 516 virtutem
437 463 511 515 etad
520 478 612 515 veram
622 478 655 514 ac
666 462 786 515 solidam
800 463 921 530 gloriam
933 481 993 532 pro·

194 545 308 600 gressus
327 532 422 583 facere
441 531 563 594 videant,
583 530 657 582 idem
676 528 745 580 mihi
763 529 921 584 iaciendum
940 547 1008 587 non,

193 598 303 667 potensi
330 598 386 650 Sed
401 596 614 665 relinquendo,
634 595 791 658 auditores,
810 598 895 648 etiam
912 604 994 666 atque

195 666 281 718 etiam
291 664 443 716 videndum
457 669 513 726 est,
532 679 567 713 ne
581 663 665 714 ullam
679 664 857 714 occasionem
870 664 994 716 discendi

194 730 342 793 amittatis,
359 745 395 781 ne
409 730 541 796 optimam
552 736 582 782 et
591 731 627 782 ed
635 723 731 798 studia
740 729 912 794 aptissimam
921 740 994 784 aete·

135 829 139 836 -
195 800 231 851 tis
241 803 362 864 partem,
375 797 404 847 in
415 809 550 862 quantine
565 797 649 858 estis,
662 794 800 846 inutiliter
815 800 995 860 consumatis,

113 881 117 886 ·
195 879 264 930 neve
280 863 461 926 existimetis,
482 876 566 930 posse
584 877 712 932 magnam
727 861 871 914 doctrinae
887 867 996 932 copiam

193 932 255 983 sine
265 931 372 997 magnis
382 929 524 982 laboribus
535 929 698 996 comparari.
729 929 791 996 Ego
803 930 914 996 quidem
925 945 995 983 ame

194 995 264 1051 nihil
283 996 438 1059 desiderari
455 999 546 1063 patiar
569 1011 679 1058 eorum,
702 1011 774 1062 quae
795 999 851 1048 mei
873 1001 996 1050 muneris

194 1069 272 1127 sunt,
290 1077 381 1131 neque
395 1067 576 1125 committam,
596 1069 640 1125 ut,
660 1063 748 1130 siqui
764 1078 799 1116 ex
813 1063 906 1128 vohis,
921 1065 998 1131 quod

195 1130 297 1193 nolim,
317 1145 431 1184 auorum
446 1129 571 1196 opinioni
586 1138 669 1197 atque
683 1132 887 1198 exspectationi
904 1133 997 1184 minus

195 1197 335 1250 cumulate
344 1197 548 1266 responderint,
558 1197 617 1248 ulla
628 1198 656 1248 io
666 1212 710 1248 me
721 1199 782 1248 eius
790 1198 834 1248 rei
841 1197 923 1263 culpa
931 1196 999 1250 hae·

195 1279 259 1316 rere
279 1266 414 1318 videatur.
459 1262 543 1316 Nullo
565 1263 645 1315 tobis
663 1263 743 1325 loco,
771 1263 848 1314 nullo
870 1270 998 1332 tempore

197 1331 297 1396 deero,
317 1331 465 1398 studiaque
477 1335 570 1380 vestra
582 1343 638 1382 non
653 1331 714 1382 otio
727 1335 835 1382 tantum
849 1345 928 1394 meo,
947 1331 1000 1384 sed
1049 1333 1050 1350 ¹

197 1399 350 1467 etnegotio
368 1395 635 1462 etoccupationibus
650 1403 825 1465 anteponam.
859 1397 919 1450 Vos
931 1413 999 1466 qno·
1049 1373 1050 1452 l

217 1480 251 1520 ne
264 1467 356 1518 acuite
371 1469 454 1531 atque
471 1463 592 1516 excitate
601 1463 766 1517 industriam
779 1480 868 1516 nicam
879 1463 1001 1534 diligen·

196 1539 355 1594 navestra3
386 1529 728 1598 ostenditeeoalaliores,
741 1532 1003 1599 quivcstracanssa

144 1621 146 1626 ’
197 1599 355 1666 capiuntur,
373 1596 454 1650 vobis
471 1604 568 1666 gratos
587 1604 616 1650 et
633 1604 764 1668 acceptos
783 1613 855 1651 esse.
892 1599 947 1660 Qui
960 1601 1003 1651 in-

196 1665 281 1734 genio
301 1663 405 1727 valent,
423 1663 549 1728 rideant,
568 1681 603 1718 ne
621 1681 672 1732 per
685 1665 844 1718 socordiam
856 1665 926 1721 illud
946 1666 1003 1720 eibi

215 1732 451 1797 erirepatiantur;
469 1735 517 1799 qui
527 1733 666 1786 tardiores
677 1740 749 1795 sunt,
759 1733 922 1786 tarditatem
931 1735 1003 1785 assi·
1049 1755 1050 1820 p

196 1747 303 1850 gnitate
318 1813 351 1852 ac
365 1798 511 1867 diligentia
524 1801 743 1868 corrigant31qui
758 1815 788 1856 sc
802 1815 891 1867 usque
905 1799 961 1852 huc
973 1808 1004 1852 et
1049 1847 1050 1868 ,

196 1863 341 1918 modestos
357 1873 385 1918 et
397 1866 470 1919 bene
482 1873 607 1920 moratos
621 1874 650 1919 et
665 1865 791 1920 discendi
805 1867 921 1934 cupidos
939 1882 1002 1935 per·
1024 1883 1027 1892 ¹
1049 1911 1050 1928 ,

196 1939 280 2000 petuo
292 1934 503 2000 praestiterunt,
524 1933 590 1986 dent
600 1948 724 2000 operam,
744 1939 776 1984 ut
789 1933 894 2003 aliquid
898 1936 1001 2052 (potius
1049 1985 1050 1990 ,

196 1998 232 2052 ad
246 2014 294 2053 eas
308 2001 406 2053 laudes
421 1999 546 2068 quotidie
564 2001 728 2065 adiungunt,
748 2012 829 2075 quam
848 2001 896 2064 qni
918 2017 1000 2068 quam

196 2081 232 2119 en
242 2069 283 2120 eis
294 2067 429 2120 deterant.
465 2064 495 2116 Si
506 2066 553 2132 qui
563 2063 680 2116 antehac
693 2069 740 2114 aut
753 2062 869 2134 iuvenili
878 2069 1001 2129 quadam

196 2135 311 2186 licentia
320 2134 522 2201 proterviores,
537 2131 685 2186 autminus
695 2130 730 2180 ad
740 2139 797 2179 rens
809 2141 887 2180 suam
897 2137 1001 2188 attenti

195 2201 322 2261 fuerunt,
339 2200 361 2250 ii
374 2197 420 2248 vel
432 2195 486 2248 hoc
500 2199 562 2263 ipso
577 2211 662 2259 anno,
683 2210 737 2264 quo
757 2195 847 2246 maior
860 2201 1000 2263 quaedam

124 2319 126 2326 Α
230 2267 318 2318 avitas
335 2279 367 2313 ac
382 2264 517 2316 severitas
531 2263 756 2316 morumanobis
766 2263 892 2315 omnibus
902 2273 999 2332 postu·

193 2281 247 2383 {nri
257 2330 373 2391 videtur,
384 2328 430 2380 vel
439 2327 491 2381 hac
502 2330 565 2380 anni
575 2336 664 2395 parte,
675 2345 746 2397 quae
756 2329 864 2396 piorum
876 2335 1000 2386 omnium

194 2397 294 2452 animis
308 2396 442 2449 maiorem
458 2398 595 2464 quandam
606 2397 772 2466 religionem
787 2398 913 2452 incutere
933 2412 999 2452 con·

192 2467 299 2527 suerit,
318 2463 363 2516 uel
377 2465 503 2532 exemplo
520 2464 667 2516 meliorum
683 2465 827 2527 commoti,
846 2466 893 2518 vel
913 2469 998 2520 etiarn

193 2530 381 2586 tumultuandi
399 2531 460 2582 sine
480 2546 579 2584 caussa
598 2537 627 2583 et
641 2530 686 2585 hic
699 2532 880 2600 perturbandi
894 2535 997 2594 omnia,

194 2601 327 2654 totietate
337 2600 392 2651 iam
402 2612 436 2650 ac
444 2598 539 2650 taedio
551 2599 638 2668 capti,
651 2607 700 2654 aut
710 2601 863 2668 adiungant
873 2615 904 2650 se
915 2601 998 2652 nobis

196 2669 314 2722 comites
325 2666 544 2738 praeclarissimi
560 2681 593 2721 ac
606 2666 824 2724 imotnosissimi
834 2667 947 2722 consilii
957 2673 997 2720 at·
