2150 3012
186 172 236 224 lit
335 129 337 133 Ι
461 170 611 224 ORATIO
633 169 715 222 xlx.

185 285 304 340 unquam
314 270 420 324 violate
427 269 685 326 maculisvindicet:
703 286 841 340 nunquam
850 273 924 326 enim
937 286 982 330 res

135 337 141 342 ’
187 341 222 392 ed
238 342 343 392 exitum
361 339 571 404 perduceretur,
591 337 642 388 sed
658 339 746 405 quiet
760 341 917 408 praecipuis
931 345 982 394 vir·

182 407 291 458 tutibus
309 407 383 457 inter
401 405 532 471 aequales
551 404 685 466 emineat,
710 411 744 455 et
762 406 852 468 vitiis,
880 415 983 462 utnon

188 473 324 535 omnibus,
336 479 365 522 ot
374 473 410 525 iis
420 478 609 533 certecareet,
624 485 695 536 quoe
704 471 733 521 in
742 473 858 538 prirotis
868 472 982 526 homini-

185 541 237 606 bus
250 540 373 606 singulas
383 537 511 598 familias,
522 538 552 586 in
561 537 730 602 principibus
740 539 859 590 niaxime
867 540 982 606 plerum·

187 605 513 674 queimpcriaevcrtunt
545 603 624 669 Apud
634 602 876 670 Xenophontem)
887 607 982 658 barba·

185 689 235 724 rus
245 673 356 739 quidam
367 671 545 732 adolescens,
564 685 626 722 cum
635 684 736 736 equum
748 673 866 722 eximiae
876 673 982 724 bonita-
1051 691 1052 700 ¹

185 740 318 805 tie‚quem
327 735 454 799 habebut,
463 736 585 788 libenter
594 749 624 788 ee
633 735 865 802 alicuispectatae
874 739 981 791 'virtutis

96 818 99 823 ·
165 805 247 856 -viro
265 805 430 855 donaturum
448 816 511 854 esse
530 803 660 864 dixisset,
687 802 862 874 idqueopud
882 807 982 872 Cyrum

185 870 329 940 professus
335 875 426 920 esset:
440 869 504 936 Ego
515 884 594 932 cero,
606 870 645 920 ait
658 869 760 936 Cyrus,
775 872 910 922 ostendum
925 871 981 933 tiit,

187 937 327 1006 quoruodo,
343 934 447 990 edumei
456 935 549 988 clausis
561 935 757 998 acclinemus,
772 937 899 990 oberrare
909 953 926 988 a
935 940 984 990 tuli

185 1003 244 1054 uiro
257 1019 311 1054 uou
321 1001 424 1068 possim
447 1003 583 1069 simulque
598 1017 659 1054 eum
673 1003 783 1069 glebam
795 1002 878 1064 humo
892 1006 982 1057 rubla-

185 1077 243 1122 tem
253 1070 281 1120 in
291 1069 525 1122 confertissimum
535 1083 633 1135 agmen
647 1071 812 1131 amicorum,
832 1085 901 1139 quos
914 1072 983 1122 assi-

187 1136 241 1188 due
252 1135 353 1188 circum
363 1151 394 1188 se
404 1135 531 1198 babebat,
541 1136 635 1187 iacere
645 1137 735 1198 iussit,
742 1143 779 1198 et,
788 1135 981 1206 Quemcunque,

186 1203 287 1270 inquit,
298 1202 376 1255 exeis
386 1201 540 1271 configeris,
550 1201 590 1252 tui
599 1217 693 1269 equum
701 1209 774 1254 tuum
781 1203 849 1254 douo
856 1205 928 1267 doto,
937 1221 981 1256 ne·

189 1285 238 1337 pue
247 1271 405 1322 rrtetusullus
417 1269 461 1331 rit,
477 1285 510 1322 uc
524 1268 702 1322 aberraveris:
721 1269 837 1320 ornatum
847 1272 935 1322 eadem
945 1279 986 1322 est
1051 1297 1052 1306 κ

187 1336 284 1399 uirtus,
304 1337 396 1389 eudem
406 1335 596 1402 temperantia,
612 1336 701 1386 eudem
711 1335 799 1388 irruitis
811 1333 929 1404 spectatu
939 1337 984 1390 do·
1051 1391 1052 1394 ,

174 1417 176 1423 ’
191 1404 317 1458 cumeutir
324 1403 472 1473 fortitudo.
510 1401 540 1454 Si
548 1402 581 1452 de
591 1403 684 1462 robis,
702 1402 799 1454 Patres
811 1405 985 1471 amplissimi,
1051 1463 1052 1474 γ

188 1473 263 1524 idem
271 1472 326 1524 dici
337 1475 441 1537 posset,
450 1473 482 1520 ut
492 1481 507 1520 e
518 1475 611 1520 restro
620 1468 793 1522 nobilissimo
802 1468 985 1522 honoratissi-
1051 1495 1052 1510 ÷

189 1541 650 1606 moqueconsessuneeaetatenee
660 1551 712 1588 usu
722 1543 803 1603 atque
813 1537 987 1604 experientia
1051 1565 1052 1568 ¹

189 1619 282 1656 rerum
291 1618 342 1656 nee
352 1605 519 1656 auctoritate
530 1603 601 1656 alios
614 1604 670 1654 alio
683 1605 771 1670 brugis
781 1605 899 1664 idoneus
910 1613 988 1656 esset

189 1671 224 1722 ad
240 1670 320 1724 huius
332 1672 453 1722 muneris
467 1671 631 1738 gravitatem
645 1670 848 1734 sustinendam,
862 1686 917 1723 non
930 1685 987 1721 nra-

189 1752 244 1804 gna
254 1738 454 1790 deliberatione
468 1752 536 1802 opue
547 1737 630 1798 foret,
640 1750 729 1802 neque
740 1736 823 1790 ullam
834 1738 987 1805 inpartem,

137 1809 138 1812 ’
208 1806 251 1856 uis
262 1807 290 1856 ei
299 1819 335 1858 ex
346 1803 426 1856 robis
438 1804 647 1870 praeficeretur,
667 1803 813 1854 admodum
824 1806 988 1856 interesset.

189 1820 239 1923 giu
249 1874 341 1924 verius
354 1877 412 1932 est,
428 1871 498 1922 utin
508 1869 598 1920 stellis
608 1869 664 1920 alio
674 1871 756 1922 oliam
766 1871 857 1934 nitore
869 1878 897 1922 et
907 1871 989 1922 clari·
1049 1917 1052 1938 1

187 1943 245 1989 tate
258 1939 353 2000 vinicii,
367 1938 408 1988 sic
419 1951 435 1987 c
445 1934 523 1986 robis
534 1935 618 1986 alium
629 1935 685 1986 alio
696 1936 803 1988 esselis
813 1935 894 1988 bouis
905 1944 934 1988 et
944 1951 989 1988 or-

186 2005 337 2066 namentis,
355 2017 427 2068 quae
438 2001 568 2052 Pontifici
582 2003 759 2062 conveniunt,
778 2001 990 2052 instructiorem

187 2086 221 2124 oc
235 2071 417 2136 superiorem:
440 2073 469 2116 et
485 2067 605 2118 orandus
624 2067 736 2116 summis
757 2061 884 2128 precibus
897 2063 990 2130 Deus,

187 2143 218 2190 ut
229 2137 333 2189 iudicia
347 2139 440 2184 restra
452 2131 567 2198 dirigat,
588 2139 617 2202 et
630 2131 709 2180 robis
723 2127 892 2179 intendenda
911 2137 991 2185 enini

153 2224 160 2232 ·
187 2203 280 2255 studio
295 2199 395 2252 mentis
408 2199 497 2262 acies,
518 2203 550 2250 ut
564 2198 684 2250 exomni
693 2209 806 2246 numero
817 2201 911 2246 vestro
923 2210 991 2251 eum

147 2272 151 2278 ’
185 2267 391 2384 ἓοὶίιείηιψ),
411 2265 457 2331 qul
472 2263 630 2330 aptissimus
645 2269 674 2314 et
693 2261 802 2328 publice
821 2261 990 2318 utilissimus

102 2340 106 2346 '
199 2341 295 2384 uturus
305 2331 424 2394 videtur,
436 2331 579 2402 deligatis,
596 2330 746 2400 Ignoscite,
759 2344 872 2398 quaeso,
884 2331 990 2397 siquid

133 2429 134 2434 κ
185 2399 279 2466 peullo
293 2399 409 2451 liberius
424 2398 531 2452 dixero.
566 2395 629 2450 Non
643 2398 715 2450 enim
731 2412 764 2448 ea
777 2411 848 2450 nunc
863 2410 908 2447 res
927 2401 989 2464 egi·

109 2479 110 2482 ’
185 2475 239 2529 tur,
252 2472 282 2517 ut
291 2466 403 2519 auribus
414 2465 589 2518 serviendum
600 2468 649 2531 sit3
667 2465 784 2519 dicenda
794 2477 865 2584 ‘1⁰⁸⁰
874 2471 988 2543 urgent,

186 2547 257 2601 quae
267 2540 389 2603 tempus,
408 2548 479 2602 quae
489 2536 530 2586 rei
544 2533 705 2604 magnitudo
719 2537 802 2603 postu
816 2537 851 2584 at.
889 2531 988 2584 Omnis

226 2627 248 2680 ⁸)
261 2627 389 2684 Cyropaerl.
398 2627 464 2672 vni.
475 2630 495 2671 3.
505 2630 541 2672 ui.
552 2640 600 2686 sqq.

223 2684 253 2750 'fl
264 2685 312 2730 Cic·
321 2697 364 2758 pro
374 2685 433 2731 Mur.
444 2684 463 2742 ᾗ.
473 2687 494 2729 l.
