2140 3010
326 167 562 252 PRAEFATIO
580 167 635 222 IX·
733 245 738 252 ·
833 167 883 221 ²55

80 272 196 328 tissimis
210 269 367 324 hominibus
384 271 526 325 civitatem
540 270 583 324 cui
598 283 719 338 unquam
735 271 885 342 insigniter

81 342 213 394 adiuvare
232 341 343 407 impune
363 339 458 392 licuit!
486 339 550 390 Nou
566 339 617 391 ilia
634 339 815 406 Militiadem,
840 342 885 393 ci·
976 356 981 364 ⁸

82 423 204 472 monem,
219 407 449 470 Themistoclem,
463 406 814 471 Arnademmesehinem,
829 409 886 460 De·

6 473 7 524 i
81 474 268 536 mosthenem,
284 475 400 542 quorum
412 475 533 526 omnium
543 474 659 526 summis·
671 483 732 526 erat
741 489 794 526 usa
801 476 886 528 bene·

6 555 7 578 1
65 551 69 558 ’
83 543 165 604 tici-is,
178 543 207 592 in
218 542 345 593 exsilium
356 541 478 610 pepulitt
496 541 558 593 Non
568 541 639 593 illud
648 541 814 607 probitatis,-
827 557 885 595 mo-

82 608 205 672 destiae,
221 609 404 676 integritatis,
418 610 573 676 sapientiae
587 609 728 726 agecimeu
739 609 886 662 Socratem

82 689 189 728 veneno
208 678 331 739 necavit,
361 683 390 728 et
409 677 597 728 constitutae
618 691 715 728 versus
731 677 833 744 impios
852 691 886 729 ac

82 747 167 810 prave
180 741 216 794 de
227 743 312 796 rebus
329 737 430 794 divinis
444 745 598 794 sentientes
613 743 750 810 supplicio
763 759 825 796 eum
835 758 885 810 po·

81 810 188 860 tissime
205 808 315 872 affecit,
336 812 383 878 qui
399 823 469 862 unus
485 825 520 862 ex
535 809 661 862 omnihus
676 811 711 863 ad
726 825 820 862 veram
829 811 895 866 Dei.

82 877 271 994 eoffinitionem
284 877 410 942 proxime
425 876 600 932 accesserati
619 877 675 930 Seri
688 879 814 930 Romana
824 891 885 930 res·

83 959 121 1012 pu
139 943 194 994 lica
209 951 314 1011 quanto
334 949 442 996 ceteras
461 959 557 996 omnes
575 946 766 1012 magnitudine
785 946 885 998 virium
931 973 933 983 ·

82 1017 166 1126 atzam
176 1012 286 1076 imperii
296 1011 476 1077 amplitudine
487 1012 640 1078 superavit,
661 1019 741 1064 tanto
750 1015 885 1064 maiorem

82 1092 119 1129 no
140 1078 165 1128 is
184 1084 266 1144 atque
286 1079 450 1145 ampliorem
468 1077 549 1128 huius
568 1079 680 1144 generis
695 1081 885 1148 exemplorum

83 1146 192 1211 copiam
206 1145 406 1196 subministrat.
440 1144 525 1194 Cuius
543 1143 574 1192 in
591 1143 738 1196 historiam
757 1147 884 1214 quiaquia
918 1153 922 1159 “

81 1211 251 1278 ingreditur,
262 1213 287 1262 is
297 1212 397 1276 inipso
408 1211 487 1276 quasi
497 1207 636 1260 vestibulo
650 1211 729 1260 iilum
738 1213 829 1279 ipsum
838 1227 883 1264 ur·

6 1315 7 1348 4
82 1277 129 1328 bis
144 1284 288 1345 parentem
303 1275 452 1328 Romulum
471 1280 632 1328 senatorum
645 1277 772 1329 manibus
787 1279 884 1330 crude·

81 1343 189 1396 lissima
213 1343 382 1408 discerptum
408 1358 442 1394 ac
464 1343 626 1394 dilaniatum
647 1343 733 1395 ridet.
776 1344 886 1406 Quodsi
950 1405 956 1415 s

82 1417 141 1464 tam
154 1409 287 1462 horrendi
300 1409 433 1464 facinoris
453 1409 567 1462 immani
586 1411 734 1464 atrocitate
749 1417 885 1478 spectata,

6 1477 7 1484 ’
83 1479 158 1529 intro
168 1482 260 1528 tamen
270 1478 312 1528 ire
321 1478 485 1544 perrexerit,
499 1491 553 1528 nou
564 1475 825 1546 longeprogreasns
837 1477 885 1528 ob-

6 1589 7 1594 ,
83 1545 159 1597 viam
167 1541 282 1596 habebit
291 1544 472 1608 colistinum,
480 1543 516 1595 ob
526 1545 636 1608 inanem
646 1544 790 1612 popularis
801 1557 886 1595 aurae

6 1645 7 1648 η
84 1611 272 1676 suspicionem
289 1612 320 1663 in
338 1612 467 1664 exsilium
476 1611 698 1678 proficiscentem
714 1623 748 1662 ea
758 1626 794 1662 ex
808 1610 885 1672 urbe,

84 1692 166 1746 quam
179 1680 241 1745 ipse
253 1693 355 1746 magna
364 1693 399 1730 ex
408 1685 488 1746 parte
499 1678 640 1730 dominatu
650 1680 730 1746 regio
740 1679 885 1730 liberarat.

6 1757 8 1818 }
82 1747 174 1812 Atque
192 1751 226 1796 ut
238 1745 417 1798 Coriolanum
434 1746 538 1797 tacitus
551 1751 739 1811 praeteream,
760 1745 888 1796 Marcum

84 1817 164 1868 certe
174 1811 333 1875 camillum,
347 1811 421 1865 nana
431 1811 656 1876 faciledixerian
668 1811 820 1867 militaiine
835 1811 887 1863 vir-

82 1884 154 1942 tute,
165 1893 200 1930 an
210 1879 265 1930 iide
274 1880 439 1946 iustitiaque
447 1880 591 1943 maiorem,
605 1886 634 1931 et
643 1879 788 1932 mirabitur
798 1885 827 1930 et
836 1879 886 1930 mi·

85 1946 227 1998 serabitur
239 1945 338 1998 eadem
352 1947 512 1999 calamitate
525 1947 692 2014 perculsam.
727 1947 888 2014 Scipionem

6 2049 7 2078 3
84 2027 153 2064 reru
162 2013 254 2077 iilum,
265 2013 302 2064 de
311 2028 366 2082 quo
375 2027 442 2066 rere
452 2015 602 2081 scripserat
610 2015 732 2082 Ennius,
746 2013 850 2066 nuliam
861 2011 889 2066 ei

85 2083 218 2144 statuum,
236 2080 341 2134 nullam
356 2081 511 2134 columnam
526 2097 543 2132 a
555 2081 659 2150 populo
673 2081 801 2134 Romanu
815 2079 889 2148 erigi

83 2159 185 2213 posse,
198 2161 269 2214 quae
279 2149 465 2216 magnitudini
473 2163 565 2201 rerum
575 2149 610 2200 ab
620 2151 682 2217 ipso
693 2155 835 2218 gestarum
845 2161 888 2199 re·

85 2211 246 2280 sponderet,
257 2217 318 2294 quis
330 2223 382 2279 eat,
398 2217 454 2284 qui,
471 2231 532 2268 cum
541 2217 715 2281 intellererit
726 2229 761 2268 eo
769 2219 889 2285 posttot

83 2279 888 2415 tractarentcassantra’ternatius
950 2315 952 2324 *

87 2413 218 2465 concrum
230 2415 332 2478 anama,
347 2418 485 2485 paneque
499 2387 617 2481 ruotger,
636 2419 741 2471 nonan
754 2419 791 2468 rr
805 2416 888 2484 aeras
907 2425 908 2429 ¹

85 2475 204 2546 gentiam
222 2495 286 2532 esse
302 2483 473 2550 reipublicae
486 2492 606 2553 partem,
626 2487 672 2552 qni
689 2484 836 2536 commodo
853 2493 886 2533 ac
917 2494 919 2498 ·

84 2545 281 2614 tranquiilitati
294 2564 362 2601 suae
376 2552 532 2604 consultum
546 2553 650 2604 veiint!
668 2551 742 2612 Quid
754 2553 809 2602 iam
819 2550 886 2603 iilos

82 2611 225 2676 turbines,
244 2613 309 2666 illas
319 2617 472 2682 procellas,
488 2619 552 2670 ilias
566 2625 748 2686 tempestates
762 2617 886 2669 civilium

83 2679 290 2752 dissensionum
308 2685 537 2739 commemorem!
555 2686 655 2756 quibus
673 2699 730 2739 non
749 2699 820 2739 unua
838 2690 887 2738 aut
