2150 3012
155 177 229 250 ἰιι
326 155 341 196 ”
442 191 697 247 ouumoxm.
771 175 776 184 '

176 299 302 366 quirunt,
317 298 346 348 iu
355 296 510 364 praeceptis
524 294 714 347 communibus
726 295 918 364 latissimeque
927 313 975 366 pa·

175 364 300 418 tentibus
314 369 496 430 occupantur;
514 362 625 428 singula
639 377 695 413 nou
709 362 770 414 fere
786 365 974 418 conriderant

178 432 274 484 Omnia
284 438 376 482 autem
389 431 462 480 aetio
479 430 622 496 omnisque
634 429 800 481 deliberatio
815 432 934 498 siugulis
945 436 975 484 ia

177 500 261 552 rebus
275 503 415 558 vereatur,
432 510 521 563 neque
535 497 679 562 quisquam
694 511 826 564 uuquam,
840 514 905 548 uum
916 499 975 550 bel·

177 567 235 620 lum
246 565 397 633 gerendum
410 561 497 624 louet,
512 562 563 612 aed
574 579 638 614 num
654 559 718 630 huie
728 563 832 629 populo
843 565 976 616 adreraua

178 634 256 686 lllum
267 629 320 682 lroe
331 637 456 696 tempore
471 629 623 695 gerendum
633 628 722 692 foret,
739 629 912 681 deliberarit
939 631 977 684 Ut

178 700 266 768 igitur
276 697 413 758 medicus.
429 695 477 762 qui
490 695 582 746 multia
599 696 724 763 aegrotis
739 697 889 767 desederit,
906 698 976 749 mul-

178 775 224 818 toe
235 764 385 836 curarerit,
402 762 497 812 multia
512 763 641 812 arteriam
658 762 859 830 exploraverit,
875 779 976 816 renum

180 831 314 894 uetuerit,
334 829 537 881 medicamenta
554 829 711 890 miscuerit,
732 831 798 896 quid
817 845 853 881 ex
865 845 977 910 quoquo

180 899 308 952 accidere
316 896 570 960 soleatnotaverit,
578 896 978 961 aaepeadmedeudumutilror

179 972 224 1018 eat
238 979 282 1028 eo,
299 963 346 1032 qui
360 965 494 1014 araiorem
510 961 621 1028 quidem
635 977 727 1014 rerum
740 964 910 1016 medicatum
923 966 976 1015 aei·

178 1032 282 1099 entiam
293 1045 329 1082 ex
338 1029 518 1096 Hippocratis
529 1029 608 1080 libris
619 1027 753 1098 hauserit,
763 1032 813 1082 aed
823 1031 872 1081 illa
882 1033 977 1112 cogui-

177 1099 256 1150 tioue
275 1103 422 1148 contentus
444 1111 582 1164 nunquam
604 1095 723 1148 hominia
746 1099 856 1164 aegroti
878 1098 977 1149 lotium
1065 1110 1067 1127 ¹

179 1165 332 1231 aspexerit:
353 1163 444 1216 elaad
464 1163 675 1214 consultandum
694 1160 806 1226 melior,
828 1167 876 1230 qui
890 1165 979 1216 multa
1065 1176 1070 1195 ‘

180 1232 304 1286 eiusdem
314 1232 425 1299 generis
437 1230 591 1299 singularia
601 1230 629 1280 iu
640 1227 896 1283 historiieadhibito
906 1230 978 1283 iudi·

180 1301 225 1352 aio
239 1299 390 1362 notaverit,
410 1314 490 1364 quam
510 1298 557 1364 qui
572 1313 607 1348 ex
621 1295 850 1364 philosophorum
864 1299 977 1366 scriptia

181 1366 336 1418 communia
355 1365 489 1432 quaedam
507 1365 616 1415 vivendi
636 1372 786 1432 praecepta
804 1367 978 1433 cognoverit.

181 1431 337 1500 optandum
349 1432 525 1499 quidemst,
541 1437 572 1480 ut
582 1436 727 1499 utrumque
738 1433 823 1496 udait3
839 1434 889 1484 aed
904 1435 929 1485 ai
939 1433 979 1484 al-

180 1507 287 1553 terutro
299 1497 446 1552 carendum
457 1497 796 1565 eit,malimexperientem
806 1503 978 1552 etexereita

180 1573 238 1619 tum
251 1567 390 1620 hominem
405 1566 466 1616 eine
484 1565 543 1615 ulla
560 1568 690 1618 universa
708 1582 741 1618 co
782 1567 869 1619 itione
889 1569 978 1620 totiua
1068 1585 1069 1590 ¹

180 1634 306 1702 generis,
324 1647 404 1700 quam
415 1629 523 1683 erudite
537 1636 566 1682 et
580 1632 735 1696 sublimiter
765 1637 919 1687 euuiverso
930 1649 979 1702 ge-

23 1715 28 1722 ·
120 1715 124 1726 ¹
181 1715 248 1752 aere
260 1698 418 1766 disputandi
434 1699 566 1764 peritum,
586 1715 652 1749 usus
667 1705 696 1750 et
710 1701 918 1753 exercitationis
931 1716 978 1753 ex·
1057 1713 1069 1760 Τ

179 1773 296 1886 pertem.
323 1765 444 1842 llupein
457 1761 554 1842 schola
567 1761 698 1817 libeutius
710 1767 819 1830 audias,
838 1769 979 1824 illumuti»
1068 1765 1069 1804 i

203 1849 235 1884 ua
245 1833 273 1882 lu
286 1829 433 1883 constitum
443 1827 586 1882 adhibeas.

214 1897 269 1953 Sed
285 1898 319 1948 de
337 1895 457 1946 utilitate
473 1894 605 1948 historiae
612 1903 641 1948 et
654 1897 728 1950 dieta
741 1907 806 1952 eunt
820 1915 836 1951 a
850 1917 893 1953 me
907 1901 979 1954 alia·

179 1963 266 2016 multa
277 1969 306 2014 et
315 1962 482 2027 dicentur,et
504 1977 568 2013 eum
582 1978 760 2033 quaecuuque
792 1973 890 2020 otuero
902 1969 979 2020 dixe·

180 2045 226 2094 ro,
240 2041 350 2094 temper
360 2035 451 2078 tamen
465 2027 553 2078 multa
562 2038 736 2094 supererunt,
764 1983 873 2091 &uento
885 2042 980 2086 autem

180 2094 298 2165 populus
307 2095 444 2144 Romanus
453 2095 688 2160 oeteriegentibue
698 2098 804 2162 imperii
812 2101 982 2164 magnitudi-

181 2159 370 2226 repraestitit,
380 2165 458 2211 tanto
469 2159 688 2228 historiapopuli
698 2162 812 2213 Romani
823 2171 981 2218 ceterarum

181 2227 306 2294 gentium
320 2224 444 2278 historiis
459 2227 611 2286 antecellit.
646 2228 755 2281 Nullius
771 2230 866 2296 populi
879 2229 980 2284 obsatu-

179 2295 256 2346 riora
271 2299 300 2342 et
315 2294 444 2346 tenuiora
462 2295 611 2361 principia,
630 2296 734 2348 nullius
754 2296 979 2352 admirabiliora

179 2371 358 2425 progressura,
379 2361 481 2414 rullius
491 2368 568 2414 tauta
578 2364 722 2426 maiestas,
738 2365 852 2416 tautain
864 2379 978 2432 prospe·

178 2426 218 2476 ria
234 2425 318 2477 rebus
331 2428 500 2492 moderatio,
518 2429 548 2478 in
562 2430 686 2482 adversis
701 2433 978 2501 auimlimagnitudo3

180 2506 313 2560 uunquam
330 2499 358 2545 et
370 2496 500 2548 virtutum
517 2503 546 2546 et
559 2498 689 2550 vitiorum
705 2501 793 2552 omnis
808 2499 919 2568 generis
929 2507 978 2552 aut

179 2558 259 2626 plura
277 2562 404 2630 exempla
422 2570 470 2616 aut
488 2563 652 2619 illustriora.
689 2567 797 2628 Quodsi
817 2568 894 2620 nulla
907 2581 977 2634 gent

179 2634 266 2680 ortua
286 2643 321 2681 ue
331 2643 365 2682 ao
375 2630 502 2684 imutanie
512 2646 545 2682 ae
555 2631 688 2698 barbara,
705 2652 775 2704 quae
790 2637 882 2688 nonin
892 2635 975 2686 rebur

179 2645 467 2760 terthdlomanorum
486 2704 689 2769 cognoscendis
708 2704 854 2773 plurimum
873 2716 975 2772 operae
