2120 3018
204 169 235 225 18
294 221 296 230 ,
489 169 714 222 ORATlOlll.
779 169 783 179 '

235 271 414 328 cuiSllenue:
448 335 451 340 Ι

286 398 330 442 na
340 387 474 442 convenit.-
491 400 553 436 nam
561 367 905 454 guatmaemptoremaoeat.

235 506 297 574 Ego
312 517 434 570 quoque,
449 515 510 566 cum
522 499 602 552 vobio
612 500 685 552 huno
695 502 859 570 scriptorem
872 520 928 556 non
942 509 1004 573 qui-

204 573 266 624 dem
277 568 408 629 vendere,
426 566 474 618 sed
486 573 561 617 certe
573 568 779 633 commendare,
794 576 877 636 atque
888 577 918 622 ut
927 576 1002 638 apud

203 654 253 689 vos
263 638 290 686 in
302 635 392 700 pretio
404 636 453 694 ait,
464 633 574 685 efficere
586 636 706 702 cupiam,
717 635 819 688 debore
829 637 927 688 videor
937 653 1002 689 eum

202 704 282 753 vobis
301 699 376 766 prius
398 702 477 765 quasi
515 702 661 766 notandum
675 701 750 754 dare.
786 703 849 754 lloe
863 710 1001 755 tantuma

204 769 282 820 vobis
293 770 372 832 peto,
387 781 421 817 ne
439 767 485 834 qui
519 765 572 816 buo
582 768 788 835 praeiudicatae
802 770 943 835 opinionis
960 771 1002 822 ai·

202 833 342 896 ieratis*j,
361 846 429 883 neve
449 833 665 900 permoveamini
680 833 774 886 stultis
791 848 824 886 ee
841 842 947 888 temere
962 839 1002 889 ia-

203 902 255 951 ctis
275 899 389 950 vocibus
409 898 592 965 quorundam,
612 901 657 967 qni
672 915 743 967 quae
756 915 811 952 non
829 902 1002 982 intelligunt,

179 969 367 1032 ,vituperant
401 965 527 1018 'l'ribuite
547 965 600 1018 hoo
618 965 697 1030 mihi,
718 973 749 1019 ut
761 983 805 1018 me
818 984 874 1020 non
887 969 1002 1036 quidem

202 1032 495 1099 valdeintelligentem
505 1040 533 1085 et
543 1033 686 1094 idoneum,
700 1035 751 1086 ned
763 1040 919 1086 tamennon
930 1037 1001 1088 mul-

202 1106 232 1151 to
245 1099 427 1162 deteriorem,
438 1114 518 1166 quam
526 1100 575 1151 isti
584 1107 660 1164 eunt,
675 1099 770 1152 barum
780 1115 870 1152 rerum
878 1102 1001 1154 iudicem

203 1167 378 1218 existimetis.
413 1165 467 1227 Qui
481 1180 541 1217 eum
556 1171 597 1228 et,
611 1181 646 1218 ex
660 1183 713 1234 qno
726 1167 790 1218 hnic
805 1165 912 1219 muneri
921 1184 1001 1238 prae-

137 1275 143 1282 .
202 1235 310 1300 pinnitus
323 1247 397 1296 sum,
409 1231 627 1300 nihilantiquius
637 1231 792 1296 habuerim,
811 1249 891 1314 quam
901 1245 1000 1298 utnon,

203 1301 372 1368 quantumin
385 1314 429 1350 me
444 1305 498 1363 est,
521 1302 593 1352 omni
608 1301 718 1353 liberali
733 1302 859 1352 doctriua
872 1301 1001 1353 excolam

203 1374 286 1433 atque
307 1381 437 1434 augeam,
456 1374 485 1417 et
500 1369 647 1420 multorum
663 1383 795 1419 annorum
810 1368 952 1420 laboribus
967 1383 1001 1420 ae

201 1435 306 1500 uigiliis
320 1431 373 1484 hoe
391 1441 557 1487 consecutus
571 1435 635 1498 eim,
649 1442 679 1486 ut
692 1449 747 1487 non
757 1437 786 1488 in
795 1435 894 1502 vulgus
904 1435 1001 1497 modo,

203 1501 253 1553 sed
263 1501 333 1568 apud
348 1502 424 1566 ipsos
440 1502 579 1569 principes
591 1503 712 1554 civitatis
722 1518 778 1554 non
789 1503 899 1554 omnino
910 1503 1001 1552 malus

203 1568 379 1636 eloquentiae
400 1568 574 1621 existimator
591 1567 706 1630 habear,
728 1584 784 1620 uon
803 1568 895 1641 debeo
909 1567 1003 1618 videri

203 1640 251 1684 aut
260 1641 316 1684 tam
325 1636 447 1703 iniquus,
459 1643 490 1687 ut
499 1637 610 1688 obstare
620 1635 760 1702 profectui
769 1641 877 1698 vestro,
887 1639 1001 1686 nuttam

204 1700 318 1762 stultus,
337 1707 368 1752 ut
386 1702 585 1754 existimationi
604 1717 682 1753 meae
700 1715 802 1752 nocere
816 1701 850 1753 de
863 1701 1003 1756 industria

207 1767 300 1818 velim.
335 1765 756 1836 Sedhaecquidemhactenus:
774 1767 916 1820 iameuim
944 1769 1002 1819 uod
1051 1771 1052 1783 ¹

204 1831 285 1885 buius
295 1833 358 1885 libri
373 1843 563 1902 argumentum
576 1835 613 1884 ait
627 1834 766 1899 explicere
777 1833 897 1887 decrevi.
960 1851 1003 1898 os,

204 1903 443 1966 quaeso‚exeitate
454 1908 536 1969 atque
547 1898 754 1967 expergefacite
766 1901 872 1952 animos
882 1908 1004 1962 vestroe,

225 1982 330 2035 uaeque
350 1967 485 2020 derebus
505 1967 624 2019 omnium
636 1967 763 2018 maximis
777 1981 809 2016 ae
830 1967 1004 2032 gravissimis

205 1983 299 2152 3¹⁰⁰?
320 2035 479 2104 ingredior,
502 2047 537 2086 ea
554 2037 585 2083 ut
605 2033 714 2099 penitae
737 2033 913 2102 percipiatis,
936 2048 1005 2100 ope·
1050 2073 1051 2077 η

204 2115 263 2152 ram
292 2107 346 2153 ate.

238 2199 357 2254 Veteres
376 2199 431 2260 illi,
451 2211 567 2262 quorum
586 2195 671 2246 urrinni
689 2194 861 2248 densissimis
875 2207 1003 2250 errorum

204 2269 328 2320 tenebris
348 2265 531 2323 involutione,
551 2277 622 2329 quae
642 2263 724 2315 nobi·
738 2262 869 2314 divinitae
885 2260 1003 2328 affulsit,

206 2342 337 2388 aeternae
346 2329 472 2380 veritatis
485 2329 547 2380 lune
561 2337 722 2392 caruerunt,
738 2345 799 2382 cum
808 2343 901 2380 verum
911 2328 1002 2382 Deum
1042 2380 1044 2389 ,

202 2394 1000 2520 tanaim{auimatumintimant
1041 2454 1044 2467 =

709 2484 726 2519 n
994 2499 1002 2509 .

297 2565 303 2572 a

205 2625 321 2738 ‘pugilum
350 2641 393 2686 pro
412 2626 503 2676 cluant.
531 2635 551 2676 Ξ.
572 2631 592 2686 θ,
611 2635 632 2678 G.
651 2646 677 2676 aa
699 2633 757 2691 quid
773 2635 817 2679 luc
830 2632 1005 2690 praeiudicata·
