2150 3012
199 129 251 220 ra
446 161 613 245 *pranso
633 161 733 218 xvir.

197 247 906 336 huiuslooieonsaetadofert,utpostim,qnantam
914 283 994 339 eupe-

196 351 265 400 rem,
276 336 411 388 arbitratu
419 349 483 388 meo
494 335 608 393 diceret.
620 334 767 394 Quomodo
779 338 832 402 ego‘
843 335 914 388 istos
924 340 994 390 aeci·

133 433 136 439 ·
196 419 300 472 perem,
311 404 358 470 qui
367 401 566 468 interpretibus
577 400 681 451 fidantt
699 399 754 454 Sed
764 402 874 468 quando
884 402 914 453 id
921 402 993 456 taee-
1048 423 1053 472 3

182 485 227 524 vre
245 471 380 538 temporis
400 469 545 535 augustiae
565 466 725 534 prohibent,
748 467 888 534 polliceor
904 471 993 536 vobis,
1052 509 1053 514 η

196 553 250 601 me,
261 552 332 605 quae
343 533 453 586 dabitur
463 533 573 588 dicendi
585 534 759 597 oooassi0,in
768 532 822 584 hoe
832 545 993 602 argumento
1052 545 1053 608 3

196 611 367 657 versaturum
379 613 442 652 esse
452 607 482 652 et
491 606 677 662 ostensurum,
691 615 771 667 qaam
781 615 897 654 necesse
908 605 952 666 sit,
964 607 993 656 in

197 667 689 746 crassissima'rerumignoratioaepe
724 669 994 735 stauretur-iocos,

197 739 243 805 qui
253 736 393 802 praesidio
404 737 587 801 interpretum
596 732 675 795 fian,
720 748 819 786 raeaae
833 750 867 786 aa
877 734 994 790 Latinae

195 805 307 871 linguae
318 802 411 853 studia
419 801 575 869 negligunt3
587 799 668 850 simul
687 814 722 851 ue
732 801 924 866 indicaturum,
936 807 994 872 qui·

138 919 140 926 Α
194 872 247 923 bus
261 870 291 919 in
303 868 386 920 rebus
401 883 418 920 a
429 868 570 935 plerisque
582 868 611 916 in
624 815 778 918 studiorum
790 881 889 920 caussa
898 885 994 936 pecce-

102 939 107 948 '
195 943 254 1000 tur3
277 949 402 1002 quaeque
417 949 500 986 verae
513 947 630 986 caussae
647 935 714 995 siat,
736 948 785 985 eur
802 943 880 986 aetas
898 944 996 990 nostra
1052 943 1053 976 t

194 1005 341 1070 tantopere
356 1003 498 1054 veteribus
514 1001 604 1052 cedat.
639 998 708 1062 Vos,
720 1001 870 1063 auditores,
883 1004 993 1067 efficite,

194 1084 230 1121 ne
240 1069 319 1120 vobis
329 1071 406 1136 prior
417 1068 467 1119 illa
476 1079 583 1130 natissa,
598 1068 681 1134 quani
689 1066 755 1129 dixi,
773 1069 894 1136 torporis
903 1085 936 1121 ae
946 1087 994 1122 ne-

194 1135 348 1204 gligentiae
360 1141 470 1188 noceat.
505 1133 609 1186 diserte
629 1132 683 1184 huo
704 1147 826 1186 amorem
840 1135 994 1200 doetrinae,

194 1201 296 1256 afferte
311 1199 483 1271 diligentiam
497 1209 526 1253 et
536 1201 733 1264 attentionem
752 1215 815 1268 ego,
828 1207 860 1253 ut
869 1205 995 1271 quotidie

193 1271 276 1322 robis
289 1284 335 1322 res
350 1272 504 1322 attentione
518 1269 619 1336 dignae
635 1267 741 1320 affatim
755 1274 913 1336 suppetant,
932 1286 996 1337 pro·

193 1338 306 1392 videbo.
326 1338 411 1406 idque
422 1351 456 1387 eo
466 1335 645 1404 magis,quod
654 1337 683 1386 in
693 1333 736 1386 his
746 1335 907 1388 Ethioorum
916 1337 997 1390 libris
1052 1361 1053 1364 ¹

196 1412 304 1457 tantum
317 1419 404 1471 usque
418 1419 435 1454 a
445 1417 531 1470 puero
545 1403 632 1454 studii
644 1403 737 1470 posui,
760 1409 803 1466 ut,
823 1404 877 1456 nisi
891 1405 998 1472 aliquid
1052 1413 1053 1420 ’

196 1473 408 1539 exspectatione
425 1475 519 1521 vestra
533 1470 645 1536 dignum
664 1471 846 1536 praestitero,
865 1475 998 1523 recusare

195 1554 254 1592 non
274 1539 405 1602 debeam,
429 1539 495 1606 quin
514 1534 596 1588 huius
620 1537 678 1587 loci
697 1537 877 1604 amplitudine
896 1545 999 1605 partim

196 1603 298 1674 dignus
309 1604 422 1658 habear.
456 1603 515 1656 Vos
524 1619 606 1667 vero,
623 1605 792 1656 ornatissimi
803 1606 865 1668 viri,
875 1605 998 1674 ignosci·

194 1680 235 1736 te,
251 1674 285 1736 si,
301 1673 402 1739 quoda
410 1673 490 1725 robis
499 1678 556 1722 tam
566 1671 686 1738 benigne
696 1671 805 1723 auditus
816 1673 876 1735 sim,
887 1687 923 1724 ne
933 1688 999 1740 gra·

195 1742 252 1792 tias'
264 1739 377 1807 ¹atridem
390 1739 471 1791 vobis
486 1739 607 1858 apendas
618 1744 719 1806 putem.
755 1738 824 1791 Nam
835 1740 893 1790 sive
904 1743 999 1792 oratio

187 1819 259 1866 ,mea
270 1807 351 1861 vobis
365 1808 485 1860 molesta
512 1806 566 1869 nit,
584 1820 618 1857 eo
627 1806 774 1858 molestior
784 1805 851 1868 erit,
869 1812 924 1873 quo
936 1821 1001 1860 eant

194 1874 308 1942 longius
322 1882 499 1942 protraxer03
526 1874 598 1934 sire,
618 1872 693 1938 quod
710 1873 800 1939 magis
818 1875 900 1940 cupio
914 1888 1001 1940 quiam

194 1956 293 2008 spero,
307 1942 439 2003 iucunda,
453 1939 553 1991 videor
564 1939 619 1989 iarn
633 1939 712 1988 vobis
728 1939 845 2006 gratiam
856 1939 952 2007 aliqua
964 1957 1002 1994 ex

193 2015 274 2078 parte
283 2009 424 2060 retulisse.

224 2129 247 2182 ²)
257 2127 306 2175 cie.
316 2127 345 2170 de
353 2123 384 2168 N.
393 2125 424 2168 D,
432 2125 453 2168 1.
462 2123 483 2178 ξ.
493 2129 514 2168 2.
523 2124 548 2166 in
557 2134 642 2166 tammo
652 2132 831 2177 erroreneceme
844 2125 879 2164 est
892 2119 1004 2176 homine.
1052 2121 1053 2130 ¹

194 2186 263 2238 atque
272 2181 298 2226 in
305 2180 460 2226 aarum
468 2193 543 2224 reram
550 2176 698 2236 ignoratione
706 2173 799 2240 uersari.
