<?xml version="1.0" encoding="UTF-8"?>
<!DOCTYPE html PUBLIC "-//W3C//DTD XHTML 1.0 Transitional//EN"
    "http://www.w3.org/TR/xhtml1/DTD/xhtml1-transitional.dtd">
<html xmlns="http://www.w3.org/1999/xhtml" xml:lang="en" lang="en">
 <head>
  <title>
</title>
<meta http-equiv="Content-Type" content="text/html;charset=utf-8" />
  <meta name='ocr-system' content='tesseract 3.04.00' />
  <meta name='ocr-capabilities' content='ocr_page ocr_carea ocr_par ocr_line ocrx_word'/>
</head>
<body>
  <div class='ocr_page' id='page_1' title='image "./mantoniimuretie01muregoog_0222.png"; bbox 0 0 2140 3010; ppageno 0'>
   <div class='ocr_carea' id='block_1_1' title="bbox 297 155 902 238">
    <p class='ocr_par' dir='ltr' id='par_1_1' title="bbox 297 155 902 238">
     <span class='ocr_line' id='line_1_1' title="bbox 297 155 902 238; baseline 0.017 -29"><span class='ocrx_word' id='word_1_1' title='bbox 297 155 682 238; x_wconf 75' lang='lat' dir='ltr'><strong>¹orrlsoumsvnnm.</strong></span> <span class='ocrx_word' id='word_1_2' title='bbox 852 165 902 218; x_wconf 81' lang='lat' dir='ltr'><strong>sos</strong></span> 
     </span>
    </p>
   </div>
   <div class='ocr_carea' id='block_1_2' title="bbox 100 229 901 462">
    <p class='ocr_par' dir='ltr' id='par_1_2' title="bbox 100 229 901 462">
     <span class='ocr_line' id='line_1_2' title="bbox 100 229 901 330; baseline 0.004 -15"><span class='ocrx_word' id='word_1_3' title='bbox 100 229 288 330; x_wconf 82' lang='lat' dir='ltr'><strong>superaverit,</strong></span> <span class='ocrx_word' id='word_1_4' title='bbox 304 259 348 312; x_wconf 85' lang='lat' dir='ltr'><strong>soi</strong></span> <span class='ocrx_word' id='word_1_5' title='bbox 359 274 432 312; x_wconf 88' lang='lat' dir='ltr'><strong>nune</strong></span> <span class='ocrx_word' id='word_1_6' title='bbox 445 259 608 314; x_wconf 74' lang='lat' dir='ltr'>dissimilem</span> <span class='ocrx_word' id='word_1_7' title='bbox 617 262 646 312; x_wconf 89' lang='lat' dir='ltr'><strong>in</strong></span> <span class='ocrx_word' id='word_1_8' title='bbox 656 261 788 316; x_wconf 82' lang='lat' dir='ltr'><strong>ornandis</strong></span> <span class='ocrx_word' id='word_1_9' title='bbox 798 265 901 330; x_wconf 83' lang='lat' dir='ltr'><strong>litteris</strong></span> 
     </span>
     <span class='ocr_line' id='line_1_3' title="bbox 101 325 900 400; baseline -0.004 -18"><span class='ocrx_word' id='word_1_10' title='bbox 101 343 164 382; x_wconf 89' lang='lat' dir='ltr'><strong>esse</strong></span> <span class='ocrx_word' id='word_1_11' title='bbox 179 335 310 396; x_wconf 76' lang='lat' dir='ltr'><strong>oportere</strong></span> <span class='ocrx_word' id='word_1_12' title='bbox 326 325 492 378; x_wconf 75' lang='lat' dir='ltr'><strong>arbitraturi</strong></span> <span class='ocrx_word' id='word_1_13' title='bbox 510 326 657 380; x_wconf 79' lang='lat' dir='ltr'><strong>Praeclare</strong></span> <span class='ocrx_word' id='word_1_14' title='bbox 671 329 720 380; x_wconf 86' lang='lat' dir='ltr'><strong>ille</strong></span> <span class='ocrx_word' id='word_1_15' title='bbox 739 333 814 397; x_wconf 83' lang='lat' dir='ltr'><strong>apud</strong></span> <span class='ocrx_word' id='word_1_16' title='bbox 831 336 900 400; x_wconf 82' lang='lat' dir='ltr'><strong>cpti-</strong></span> 
     </span>
     <span class='ocr_line' id='line_1_4' title="bbox 100 393 733 462; baseline 0 -14"><span class='ocrx_word' id='word_1_17' title='bbox 100 393 681 462; x_wconf 73' lang='lat' dir='ltr'><strong>mumpoetamtortissimnsimper·ator*)s</strong></span> <span class='ocrx_word' id='word_1_18' title='bbox 731 439 733 448; x_wconf 83' lang='lat'>.</span> 
     </span>
    </p>
   </div>
   <div class='ocr_carea' id='block_1_3' title="bbox 152 479 822 629">
    <p class='ocr_par' dir='ltr' id='par_1_3' title="bbox 152 479 822 629">
     <span class='ocr_line' id='line_1_5' title="bbox 152 479 822 625; baseline 0.006 -80"><span class='ocrx_word' id='word_1_19' title='bbox 152 491 267 625; x_wconf 59' lang='lat' dir='ltr'><strong>gossem</strong></span> <span class='ocrx_word' id='word_1_20' title='bbox 275 479 426 614; x_wconf 47' lang='lat' dir='ltr'><strong>purgasses,</strong></span> <span class='ocrx_word' id='word_1_21' title='bbox 441 491 822 576; x_wconf 67' lang='lat' dir='ltr'><strong>nonestuaresagaana,</strong></span> 
     </span>
     <span class='ocr_line' id='line_1_6' title="bbox 181 576 349 629; baseline 0.012 -17"><span class='ocrx_word' id='word_1_22' title='bbox 181 576 317 629; x_wconf 72' lang='lat' dir='ltr'><strong>cupresso</strong></span> <span class='ocrx_word' id='word_1_23' title='bbox 341 597 349 614; x_wconf 91' lang='lat'>.</span> 
     </span>
    </p>
   </div>
   <div class='ocr_carea' id='block_1_4' title="bbox 2 635 900 800">
    <p class='ocr_par' dir='ltr' id='par_1_4' title="bbox 2 635 900 800">
     <span class='ocr_line' id='line_1_7' title="bbox 2 635 900 730; baseline 0 -16"><span class='ocrx_word' id='word_1_24' title='bbox 2 690 6 726; x_wconf 70' lang='grc' dir='ltr'>ς</span> <span class='ocrx_word' id='word_1_25' title='bbox 101 660 249 714; x_wconf 77' lang='lat' dir='ltr'><strong>Praeclare</strong></span> <span class='ocrx_word' id='word_1_26' title='bbox 262 677 314 715; x_wconf 80' lang='lat' dir='ltr'><strong>vos</strong></span> <span class='ocrx_word' id='word_1_27' title='bbox 327 678 451 730; x_wconf 84' lang='lat' dir='ltr'><strong>quoque,</strong></span> <span class='ocrx_word' id='word_1_28' title='bbox 465 662 564 714; x_wconf 83' lang='lat' dir='ltr'><strong>Patres</strong></span> <span class='ocrx_word' id='word_1_29' title='bbox 578 661 754 729; x_wconf 72' lang='lat' dir='ltr'><strong>amplissimi,</strong></span> <span class='ocrx_word' id='word_1_30' title='bbox 772 638 832 715; x_wconf 78' lang='lat' dir='ltr'><strong>cuns</strong></span> <span class='ocrx_word' id='word_1_31' title='bbox 846 635 900 730; x_wconf 76' lang='lat' dir='ltr'><strong>ego</strong></span> 
     </span>
     <span class='ocr_line' id='line_1_8' title="bbox 98 729 900 800; baseline 0.002 -22"><span class='ocrx_word' id='word_1_32' title='bbox 98 741 150 795; x_wconf 85' lang='lat' dir='ltr'><strong>pro</strong></span> <span class='ocrx_word' id='word_1_33' title='bbox 161 729 259 780; x_wconf 84' lang='lat' dir='ltr'><strong>virium</strong></span> <span class='ocrx_word' id='word_1_34' title='bbox 270 731 383 781; x_wconf 88' lang='lat' dir='ltr'><strong>modulo</strong></span> <span class='ocrx_word' id='word_1_35' title='bbox 394 732 535 800; x_wconf 75' lang='lat' dir='ltr'><strong>specimen</strong></span> <span class='ocrx_word' id='word_1_36' title='bbox 544 731 649 797; x_wconf 81' lang='lat' dir='ltr'><strong>ingenii</strong></span> <span class='ocrx_word' id='word_1_37' title='bbox 659 731 727 793; x_wconf 90' lang='lat' dir='ltr'><strong>mei,</strong></span> <span class='ocrx_word' id='word_1_38' title='bbox 740 729 900 781; x_wconf 72' lang='lat' dir='ltr'><strong>iubentibus</strong></span> 
     </span>
    </p>
   </div>
   <div class='ocr_carea' id='block_1_5' title="bbox 2 787 902 866">
    <p class='ocr_par' dir='ltr' id='par_1_5' title="bbox 2 787 902 866">
     <span class='ocr_line' id='line_1_9' title="bbox 2 787 902 866; baseline 0.001 -21"><span class='ocrx_word' id='word_1_39' title='bbox 2 819 3 822; x_wconf 38' lang='lat'>¹</span> <span class='ocrx_word' id='word_1_40' title='bbox 98 795 192 859; x_wconf 80' lang='lat' dir='ltr'><strong>robis,</strong></span> <span class='ocrx_word' id='word_1_41' title='bbox 208 787 362 859; x_wconf 78' lang='lat' dir='ltr'><strong>dedissem,</strong></span> <span class='ocrx_word' id='word_1_42' title='bbox 376 798 507 864; x_wconf 85' lang='lat' dir='ltr'><strong>visusque</strong></span> <span class='ocrx_word' id='word_1_43' title='bbox 518 811 607 848; x_wconf 85' lang='lat' dir='ltr'><strong>essem</strong></span> <span class='ocrx_word' id='word_1_44' title='bbox 618 797 744 848; x_wconf 82' lang='lat' dir='ltr'><strong>adhibita</strong></span> <span class='ocrx_word' id='word_1_45' title='bbox 754 797 902 866; x_wconf 77' lang='lat' dir='ltr'><strong>diligentia</strong></span> 
     </span>
    </p>
   </div>
   <div class='ocr_carea' id='block_1_6' title="bbox 1 862 946 1390">
    <p class='ocr_par' dir='ltr' id='par_1_6' title="bbox 97 862 946 1251">
     <span class='ocr_line' id='line_1_10' title="bbox 98 862 899 936; baseline 0.004 -24"><span class='ocrx_word' id='word_1_46' title='bbox 98 876 200 914; x_wconf 81' lang='lat' dir='ltr'><strong>navare</strong></span> <span class='ocrx_word' id='word_1_47' title='bbox 210 864 315 936; x_wconf 70' lang='lat' dir='ltr'><strong>aliquid</strong></span> <span class='ocrx_word' id='word_1_48' title='bbox 326 879 422 931; x_wconf 88' lang='lat' dir='ltr'><strong>posse;</strong></span> <span class='ocrx_word' id='word_1_49' title='bbox 440 865 515 932; x_wconf 88' lang='lat' dir='ltr'><strong>qnod</strong></span> <span class='ocrx_word' id='word_1_50' title='bbox 524 866 687 934; x_wconf 83' lang='lat' dir='ltr'><strong>peregrinus</strong></span> <span class='ocrx_word' id='word_1_51' title='bbox 698 879 797 925; x_wconf 79' lang='lat' dir='ltr'><strong>essem,</strong></span> <span class='ocrx_word' id='word_1_52' title='bbox 812 862 899 916; x_wconf 88' lang='lat' dir='ltr'><strong>nihilo</strong></span> 
     </span>
     <span class='ocr_line' id='line_1_11' title="bbox 97 930 902 997; baseline 0.002 -17"><span class='ocrx_word' id='word_1_53' title='bbox 97 943 143 980; x_wconf 89' lang='lat' dir='ltr'><strong>me</strong></span> <span class='ocrx_word' id='word_1_54' title='bbox 156 931 246 982; x_wconf 85' lang='lat' dir='ltr'><strong>minus</strong></span> <span class='ocrx_word' id='word_1_55' title='bbox 259 933 362 984; x_wconf 80' lang='lat' dir='ltr'><strong>iccirco</strong></span> <span class='ocrx_word' id='word_1_56' title='bbox 378 930 547 984; x_wconf 82' lang='lat' dir='ltr'><strong>humanitate</strong></span> <span class='ocrx_word' id='word_1_57' title='bbox 557 939 650 984; x_wconf 80' lang='lat' dir='ltr'><strong>vestra</strong></span> <span class='ocrx_word' id='word_1_58' title='bbox 661 931 902 997; x_wconf 70' lang='lat' dir='ltr'><strong>complectendum</strong></span> 
     </span>
     <span class='ocr_line' id='line_1_12' title="bbox 98 995 901 1065; baseline 0.005 -19"><span class='ocrx_word' id='word_1_59' title='bbox 98 995 253 1049; x_wconf 86' lang='lat' dir='ltr'><strong>iudicastis.</strong></span> <span class='ocrx_word' id='word_1_60' title='bbox 290 998 362 1061; x_wconf 74' lang='lat' dir='ltr'><strong>Quin</strong></span> <span class='ocrx_word' id='word_1_61' title='bbox 378 1001 461 1052; x_wconf 83' lang='lat' dir='ltr'><strong>etiarn</strong></span> <span class='ocrx_word' id='word_1_62' title='bbox 475 998 581 1065; x_wconf 85' lang='lat' dir='ltr'><strong>utplus</strong></span> <span class='ocrx_word' id='word_1_63' title='bbox 599 997 665 1050; x_wconf 90' lang='lat' dir='ltr'><strong>mihi</strong></span> <span class='ocrx_word' id='word_1_64' title='bbox 684 1000 839 1050; x_wconf 83' lang='lat' dir='ltr'><strong>animorum</strong></span> <span class='ocrx_word' id='word_1_65' title='bbox 852 997 901 1050; x_wconf 85' lang='lat' dir='ltr'><strong>ad·</strong></span> 
     </span>
     <span class='ocr_line' id='line_1_13' title="bbox 99 1062 900 1128; baseline 0.005 -14"><span class='ocrx_word' id='word_1_66' title='bbox 99 1062 214 1126; x_wconf 78' lang='lat' dir='ltr'><strong>dereris,</strong></span> <span class='ocrx_word' id='word_1_67' title='bbox 230 1079 266 1118; x_wconf 81' lang='lat' dir='ltr'><strong>ex</strong></span> <span class='ocrx_word' id='word_1_68' title='bbox 276 1079 309 1118; x_wconf 89' lang='lat' dir='ltr'><strong>eo</strong></span> <span class='ocrx_word' id='word_1_69' title='bbox 320 1081 365 1117; x_wconf 87' lang='lat' dir='ltr'><strong>me</strong></span> <span class='ocrx_word' id='word_1_70' title='bbox 374 1065 438 1118; x_wconf 91' lang='lat' dir='ltr'><strong>loco</strong></span> <span class='ocrx_word' id='word_1_71' title='bbox 451 1067 553 1118; x_wconf 80' lang='lat' dir='ltr'><strong>docere</strong></span> <span class='ocrx_word' id='word_1_72' title='bbox 562 1065 701 1128; x_wconf 81' lang='lat' dir='ltr'><strong>voluistis,</strong></span> <span class='ocrx_word' id='word_1_73' title='bbox 715 1066 761 1117; x_wconf 91' lang='lat' dir='ltr'><strong>ubi</strong></span> <span class='ocrx_word' id='word_1_74' title='bbox 773 1064 900 1118; x_wconf 79' lang='lat' dir='ltr'><strong>homines</strong></span> 
     </span>
     <span class='ocr_line' id='line_1_14' title="bbox 97 1131 900 1200; baseline 0.002 -20"><span class='ocrx_word' id='word_1_75' title='bbox 97 1131 139 1181; x_wconf 87' lang='lat' dir='ltr'><strong>ita</strong></span> <span class='ocrx_word' id='word_1_76' title='bbox 149 1131 241 1184; x_wconf 85' lang='lat' dir='ltr'><strong>divino</strong></span> <span class='ocrx_word' id='word_1_77' title='bbox 253 1133 340 1185; x_wconf 85' lang='lat' dir='ltr'><strong>cultui</strong></span> <span class='ocrx_word' id='word_1_78' title='bbox 350 1135 490 1192; x_wconf 87' lang='lat' dir='ltr'><strong>addictos,</strong></span> <span class='ocrx_word' id='word_1_79' title='bbox 506 1137 538 1184; x_wconf 91' lang='lat' dir='ltr'><strong>ut</strong></span> <span class='ocrx_word' id='word_1_80' title='bbox 547 1145 608 1182; x_wconf 87' lang='lat' dir='ltr'><strong>com</strong></span> <span class='ocrx_word' id='word_1_81' title='bbox 619 1146 725 1183; x_wconf 86' lang='lat' dir='ltr'><strong>summa</strong></span> <span class='ocrx_word' id='word_1_82' title='bbox 737 1133 900 1200; x_wconf 78' lang='lat' dir='ltr'><strong>integritate</strong></span> 
     </span>
     <span class='ocr_line' id='line_1_15' title="bbox 98 1199 946 1251; baseline 0 -3"><span class='ocrx_word' id='word_1_83' title='bbox 98 1202 129 1248; x_wconf 83' lang='lat' dir='ltr'><strong>et</strong></span> <span class='ocrx_word' id='word_1_84' title='bbox 149 1199 333 1250; x_wconf 83' lang='lat' dir='ltr'><strong>sanctimonia</strong></span> <span class='ocrx_word' id='word_1_85' title='bbox 351 1201 426 1249; x_wconf 84' lang='lat' dir='ltr'><strong>vitae</strong></span> <span class='ocrx_word' id='word_1_86' title='bbox 448 1211 581 1249; x_wconf 86' lang='lat' dir='ltr'><strong>summam</strong></span> <span class='ocrx_word' id='word_1_87' title='bbox 604 1211 696 1248; x_wconf 85' lang='lat' dir='ltr'><strong>rerum</strong></span> <span class='ocrx_word' id='word_1_88' title='bbox 718 1199 900 1251; x_wconf 77' lang='lat' dir='ltr'><strong>mariniacum</strong></span> <span class='ocrx_word' id='word_1_89' title='bbox 939 1217 946 1228; x_wconf 64' lang='lat'><em>¹</em></span> 
     </span>
    </p>

    <p class='ocr_par' dir='ltr' id='par_1_7' title="bbox 1 1265 907 1390">
     <span class='ocr_line' id='line_1_16' title="bbox 98 1265 907 1330; baseline 0.002 -16"><span class='ocrx_word' id='word_1_90' title='bbox 98 1277 132 1314; x_wconf 86' lang='lat' dir='ltr'><strong>eo</strong></span> <span class='ocrx_word' id='word_1_91' title='bbox 147 1265 288 1316; x_wconf 85' lang='lat' dir='ltr'><strong>&#39;nitionem</strong></span> <span class='ocrx_word' id='word_1_92' title='bbox 300 1265 444 1316; x_wconf 89' lang='lat' dir='ltr'><strong>scientiam</strong></span> <span class='ocrx_word' id='word_1_93' title='bbox 465 1277 500 1314; x_wconf 86' lang='lat' dir='ltr'><strong>ue</strong></span> <span class='ocrx_word' id='word_1_94' title='bbox 510 1265 712 1324; x_wconf 82' lang='lat' dir='ltr'><strong>coniunxerint,</strong></span> <span class='ocrx_word' id='word_1_95' title='bbox 721 1265 907 1330; x_wconf 74' lang='lat' dir='ltr'><strong>quotidianos</strong></span> 
     </span>
     <span class='ocr_line' id='line_1_17' title="bbox 1 1278 739 1390; baseline -0.003 -8"><span class='ocrx_word' id='word_1_96' title='bbox 1 1328 3 1332; x_wconf 81' lang='grc'><strong>’</strong></span> <span class='ocrx_word' id='word_1_97' title='bbox 97 1278 253 1382; x_wconf 42' lang='lat' dir='ltr'><strong>industriae</strong></span> <span class='ocrx_word' id='word_1_98' title='bbox 263 1345 342 1381; x_wconf 91' lang='lat' dir='ltr'><strong>meae</strong></span> <span class='ocrx_word' id='word_1_99' title='bbox 352 1279 594 1382; x_wconf 47' lang='lat' dir='ltr'><strong>testeszabiturus</strong></span> <span class='ocrx_word' id='word_1_100' title='bbox 605 1343 705 1390; x_wconf 82' lang='lat' dir='ltr'><strong>essem.</strong></span> <span class='ocrx_word' id='word_1_101' title='bbox 735 1343 739 1350; x_wconf 76' lang='grc'>’</span> 
     </span>
    </p>
   </div>
   <div class='ocr_carea' id='block_1_7' title="bbox 131 1397 1008 1464">
    <p class='ocr_par' dir='ltr' id='par_1_8' title="bbox 131 1397 1008 1464">
     <span class='ocr_line' id='line_1_18' title="bbox 131 1397 1008 1464; baseline 0 -16"><span class='ocrx_word' id='word_1_102' title='bbox 131 1398 243 1448; x_wconf 86' lang='lat' dir='ltr'><strong>Utinam</strong></span> <span class='ocrx_word' id='word_1_103' title='bbox 254 1397 361 1462; x_wconf 77' lang='lat' dir='ltr'><strong>igitur,</strong></span> <span class='ocrx_word' id='word_1_104' title='bbox 385 1397 483 1449; x_wconf 84' lang='lat' dir='ltr'><strong>Patres</strong></span> <span class='ocrx_word' id='word_1_105' title='bbox 507 1397 670 1464; x_wconf 73' lang='lat' dir='ltr'><strong>amplissimi</strong></span> <span class='ocrx_word' id='word_1_106' title='bbox 688 1409 794 1462; x_wconf 83' lang='lat' dir='ltr'><strong>vosque</strong></span> <span class='ocrx_word' id='word_1_107' title='bbox 813 1398 903 1448; x_wconf 85' lang='lat' dir='ltr'><strong>ceteri</strong></span> <span class='ocrx_word' id='word_1_108' title='bbox 1002 1450 1008 1458; x_wconf 72' lang='grc'><em>,</em></span> 
     </span>
    </p>
   </div>
   <div class='ocr_carea' id='block_1_8' title="bbox 95 1463 982 2202">
    <p class='ocr_par' dir='ltr' id='par_1_9' title="bbox 95 1463 902 1730">
     <span class='ocr_line' id='line_1_19' title="bbox 98 1463 902 1532; baseline 0 -18"><span class='ocrx_word' id='word_1_109' title='bbox 98 1463 181 1516; x_wconf 79' lang='lat' dir='ltr'><strong>Cives</strong></span> <span class='ocrx_word' id='word_1_110' title='bbox 201 1464 382 1525; x_wconf 78' lang='lat' dir='ltr'><strong>ornatissimi,</strong></span> <span class='ocrx_word' id='word_1_111' title='bbox 410 1466 515 1516; x_wconf 87' lang='lat' dir='ltr'><strong>utinam</strong></span> <span class='ocrx_word' id='word_1_112' title='bbox 533 1463 715 1532; x_wconf 84' lang='lat' dir='ltr'><strong>mihiparorn</strong></span> <span class='ocrx_word' id='word_1_113' title='bbox 736 1469 784 1514; x_wconf 89' lang='lat' dir='ltr'><strong>aut</strong></span> <span class='ocrx_word' id='word_1_114' title='bbox 804 1463 902 1514; x_wconf 78' lang='lat' dir='ltr'><strong>selon-</strong></span> 
     </span>
     <span class='ocr_line' id='line_1_20' title="bbox 95 1529 902 1597; baseline -0.001 -16"><span class='ocrx_word' id='word_1_115' title='bbox 95 1531 152 1581; x_wconf 83' lang='lat' dir='ltr'><strong>tati</strong></span> <span class='ocrx_word' id='word_1_116' title='bbox 174 1543 242 1596; x_wconf 84' lang='lat' dir='ltr'><strong>erga</strong></span> <span class='ocrx_word' id='word_1_117' title='bbox 258 1544 310 1581; x_wconf 83' lang='lat' dir='ltr'><strong>vos</strong></span> <span class='ocrx_word' id='word_1_118' title='bbox 326 1545 404 1582; x_wconf 87' lang='lat' dir='ltr'><strong>meae</strong></span> <span class='ocrx_word' id='word_1_119' title='bbox 419 1538 467 1582; x_wconf 85' lang='lat' dir='ltr'><strong>aut</strong></span> <span class='ocrx_word' id='word_1_120' title='bbox 484 1531 628 1582; x_wconf 87' lang='lat' dir='ltr'><strong>beneflciis</strong></span> <span class='ocrx_word' id='word_1_121' title='bbox 649 1544 717 1597; x_wconf 82' lang='lat' dir='ltr'><strong>erga</strong></span> <span class='ocrx_word' id='word_1_122' title='bbox 734 1544 779 1582; x_wconf 88' lang='lat' dir='ltr'><strong>me</strong></span> <span class='ocrx_word' id='word_1_123' title='bbox 798 1529 902 1580; x_wconf 85' lang='lat' dir='ltr'><strong>restris</strong></span> 
     </span>
     <span class='ocr_line' id='line_1_21' title="bbox 96 1594 900 1662; baseline -0.004 -12"><span class='ocrx_word' id='word_1_124' title='bbox 96 1594 262 1650; x_wconf 79' lang='lat' dir='ltr'><strong>facultatem</strong></span> <span class='ocrx_word' id='word_1_125' title='bbox 284 1603 384 1648; x_wconf 83' lang='lat' dir='ltr'><strong>natura</strong></span> <span class='ocrx_word' id='word_1_126' title='bbox 404 1597 561 1659; x_wconf 80' lang='lat' dir='ltr'><strong>tribuisset!</strong></span> <span class='ocrx_word' id='word_1_127' title='bbox 594 1598 740 1649; x_wconf 83' lang='lat' dir='ltr'><strong>Efficerem</strong></span> <span class='ocrx_word' id='word_1_128' title='bbox 760 1595 900 1662; x_wconf 81' lang='lat' dir='ltr'><strong>prolecto,</strong></span> 
     </span>
     <span class='ocr_line' id='line_1_22' title="bbox 96 1660 901 1730; baseline -0.001 -15"><span class='ocrx_word' id='word_1_129' title='bbox 96 1671 130 1715; x_wconf 87' lang='lat' dir='ltr'><strong>ut</strong></span> <span class='ocrx_word' id='word_1_130' title='bbox 153 1677 249 1714; x_wconf 88' lang='lat' dir='ltr'><strong>omnes</strong></span> <span class='ocrx_word' id='word_1_131' title='bbox 270 1663 437 1726; x_wconf 81' lang='lat' dir='ltr'><strong>faterentur,</strong></span> <span class='ocrx_word' id='word_1_132' title='bbox 466 1660 571 1716; x_wconf 90' lang='lat' dir='ltr'><strong>nullum</strong></span> <span class='ocrx_word' id='word_1_133' title='bbox 592 1679 713 1730; x_wconf 84' lang='lat' dir='ltr'><strong>unquam</strong></span> <span class='ocrx_word' id='word_1_134' title='bbox 737 1662 901 1715; x_wconf 82' lang='lat' dir='ltr'><strong>beneficium</strong></span> 
     </span>
    </p>

    <p class='ocr_par' dir='ltr' id='par_1_10' title="bbox 95 1727 982 2202">
     <span class='ocr_line' id='line_1_23' title="bbox 117 1727 982 1784; baseline -0.007 -2"><span class='ocrx_word' id='word_1_135' title='bbox 117 1737 162 1782; x_wconf 88' lang='lat' dir='ltr'><strong>ost</strong></span> <span class='ocrx_word' id='word_1_136' title='bbox 179 1728 319 1781; x_wconf 87' lang='lat' dir='ltr'><strong>hominum</strong></span> <span class='ocrx_word' id='word_1_137' title='bbox 333 1731 494 1782; x_wconf 87' lang='lat' dir='ltr'><strong>memoriam</strong></span> <span class='ocrx_word' id='word_1_138' title='bbox 505 1731 605 1784; x_wconf 91' lang='lat' dir='ltr'><strong>melius</strong></span> <span class='ocrx_word' id='word_1_139' title='bbox 619 1731 785 1782; x_wconf 85' lang='lat' dir='ltr'><strong>collocatum</strong></span> <span class='ocrx_word' id='word_1_140' title='bbox 802 1727 900 1782; x_wconf 83' lang='lat' dir='ltr'><strong>fnisse.</strong></span> <span class='ocrx_word' id='word_1_141' title='bbox 979 1767 982 1776; x_wconf 91' lang='grc'><strong>.</strong></span> 
     </span>
     <span class='ocr_line' id='line_1_24' title="bbox 95 1747 900 1866; baseline -0.004 -16"><span class='ocrx_word' id='word_1_142' title='bbox 95 1747 176 1850; x_wconf 56' lang='lat' dir='ltr'><strong>Fiunt</strong></span> <span class='ocrx_word' id='word_1_143' title='bbox 192 1796 263 1849; x_wconf 89' lang='lat' dir='ltr'><strong>iilud</strong></span> <span class='ocrx_word' id='word_1_144' title='bbox 281 1803 388 1850; x_wconf 86' lang='lat' dir='ltr'><strong>tantum</strong></span> <span class='ocrx_word' id='word_1_145' title='bbox 407 1798 486 1850; x_wconf 85' lang='lat' dir='ltr'><strong>vobis</strong></span> <span class='ocrx_word' id='word_1_146' title='bbox 505 1813 522 1866; x_wconf 96' lang='lat' dir='ltr'><strong>p</strong></span> <span class='ocrx_word' id='word_1_147' title='bbox 538 1793 541 1800; x_wconf 86' lang='lat'>&#39;</span> <span class='ocrx_word' id='word_1_148' title='bbox 593 1799 644 1849; x_wconf 87' lang='lat' dir='ltr'><strong>eri·</strong></span> <span class='ocrx_word' id='word_1_149' title='bbox 655 1797 757 1860; x_wconf 84' lang='lat' dir='ltr'><strong>habeo,</strong></span> <span class='ocrx_word' id='word_1_150' title='bbox 786 1795 900 1848; x_wconf 84' lang='lat' dir='ltr'><strong>ellectu·</strong></span> 
     </span>
     <span class='ocr_line' id='line_1_25' title="bbox 95 1863 900 1933; baseline -0.005 -15"><span class='ocrx_word' id='word_1_151' title='bbox 95 1881 157 1918; x_wconf 91' lang='lat' dir='ltr'><strong>rum</strong></span> <span class='ocrx_word' id='word_1_152' title='bbox 176 1879 233 1928; x_wconf 87' lang='lat' dir='ltr'><strong>me,</strong></span> <span class='ocrx_word' id='word_1_153' title='bbox 252 1870 284 1916; x_wconf 89' lang='lat' dir='ltr'><strong>nt</strong></span> <span class='ocrx_word' id='word_1_154' title='bbox 303 1879 320 1915; x_wconf 92' lang='lat' dir='ltr'><strong>a</strong></span> <span class='ocrx_word' id='word_1_155' title='bbox 337 1879 381 1916; x_wconf 91' lang='lat' dir='ltr'><strong>me</strong></span> <span class='ocrx_word' id='word_1_156' title='bbox 400 1879 490 1933; x_wconf 86' lang='lat' dir='ltr'><strong>neque</strong></span> <span class='ocrx_word' id='word_1_157' title='bbox 510 1865 540 1916; x_wconf 83' lang='lat' dir='ltr'><strong>dr</strong></span> <span class='ocrx_word' id='word_1_158' title='bbox 551 1865 657 1933; x_wconf 82' lang='lat' dir='ltr'><strong>igentia</strong></span> <span class='ocrx_word' id='word_1_159' title='bbox 674 1879 763 1931; x_wconf 90' lang='lat' dir='ltr'><strong>neque</strong></span> <span class='ocrx_word' id='word_1_160' title='bbox 782 1863 900 1916; x_wconf 86' lang='lat' dir='ltr'><strong>assidui·</strong></span> 
     </span>
     <span class='ocr_line' id='line_1_26' title="bbox 95 1930 902 2000; baseline 0 -18"><span class='ocrx_word' id='word_1_161' title='bbox 95 1941 151 1995; x_wconf 87' lang='lat' dir='ltr'><strong>tas;</strong></span> <span class='ocrx_word' id='word_1_162' title='bbox 171 1939 343 1995; x_wconf 88' lang='lat' dir='ltr'><strong>curaturum,</strong></span> <span class='ocrx_word' id='word_1_163' title='bbox 363 1939 440 1984; x_wconf 84' lang='lat' dir='ltr'><strong>utne</strong></span> <span class='ocrx_word' id='word_1_164' title='bbox 460 1939 555 1985; x_wconf 86' lang='lat' dir='ltr'><strong>cetera</strong></span> <span class='ocrx_word' id='word_1_165' title='bbox 571 1933 694 2000; x_wconf 88' lang='lat' dir='ltr'><strong>quidem,</strong></span> <span class='ocrx_word' id='word_1_166' title='bbox 714 1945 784 1998; x_wconf 91' lang='lat' dir='ltr'><strong>quae</strong></span> <span class='ocrx_word' id='word_1_167' title='bbox 798 1931 833 1983; x_wconf 90' lang='lat' dir='ltr'><strong>ad</strong></span> <span class='ocrx_word' id='word_1_168' title='bbox 847 1930 902 1986; x_wconf 86' lang='lat' dir='ltr'><strong>hoc</strong></span> 
     </span>
     <span class='ocr_line' id='line_1_27' title="bbox 97 1999 902 2066; baseline 0.002 -18"><span class='ocrx_word' id='word_1_169' title='bbox 97 2013 195 2061; x_wconf 80' lang='lat' dir='ltr'><strong>prunus</strong></span> <span class='ocrx_word' id='word_1_170' title='bbox 206 1999 363 2052; x_wconf 88' lang='lat' dir='ltr'><strong>obeundum</strong></span> <span class='ocrx_word' id='word_1_171' title='bbox 375 1999 535 2052; x_wconf 87' lang='lat' dir='ltr'><strong>necessaria</strong></span> <span class='ocrx_word' id='word_1_172' title='bbox 551 2005 628 2061; x_wconf 87' lang='lat' dir='ltr'><strong>sunt,</strong></span> <span class='ocrx_word' id='word_1_173' title='bbox 646 2013 747 2066; x_wconf 81' lang='lat' dir='ltr'><strong>magno</strong></span> <span class='ocrx_word' id='word_1_174' title='bbox 769 2013 816 2050; x_wconf 86' lang='lat' dir='ltr'><strong>ere</strong></span> <span class='ocrx_word' id='word_1_175' title='bbox 827 1999 902 2050; x_wconf 83' lang='lat' dir='ltr'><strong>desi·</strong></span> 
     </span>
     <span class='ocr_line' id='line_1_28' title="bbox 98 2015 901 2137; baseline -0.001 -21"><span class='ocrx_word' id='word_1_176' title='bbox 98 2064 238 2118; x_wconf 77' lang='lat' dir='ltr'><strong>darentur.</strong></span> <span class='ocrx_word' id='word_1_177' title='bbox 274 2065 481 2130; x_wconf 70' lang='lat' dir='ltr'><strong>vestrumst,</strong></span> <span class='ocrx_word' id='word_1_178' title='bbox 505 2067 702 2137; x_wconf 75' lang='lat' dir='ltr'><strong>adolescentes</strong></span> <span class='ocrx_word' id='word_1_179' title='bbox 721 2015 901 2125; x_wconf 52' lang='lat' dir='ltr'><strong>cupidissimi,</strong></span> 
     </span>
     <span class='ocr_line' id='line_1_29' title="bbox 98 2132 902 2202; baseline -0.001 -18"><span class='ocrx_word' id='word_1_180' title='bbox 98 2133 182 2184; x_wconf 83' lang='lat' dir='ltr'><strong>etiam</strong></span> <span class='ocrx_word' id='word_1_181' title='bbox 195 2138 278 2199; x_wconf 84' lang='lat' dir='ltr'><strong>atque</strong></span> <span class='ocrx_word' id='word_1_182' title='bbox 292 2132 375 2186; x_wconf 85' lang='lat' dir='ltr'><strong>etiam</strong></span> <span class='ocrx_word' id='word_1_183' title='bbox 389 2135 565 2202; x_wconf 61' lang='lat' dir='ltr'><strong>prospicere²</strong></span> <span class='ocrx_word' id='word_1_184' title='bbox 574 2147 618 2198; x_wconf 87' lang='lat' dir='ltr'><strong>ne,</strong></span> <span class='ocrx_word' id='word_1_185' title='bbox 632 2149 696 2186; x_wconf 89' lang='lat' dir='ltr'><strong>cum</strong></span> <span class='ocrx_word' id='word_1_186' title='bbox 707 2149 777 2202; x_wconf 81' lang='lat' dir='ltr'><strong>quoe</strong></span> <span class='ocrx_word' id='word_1_187' title='bbox 794 2133 828 2184; x_wconf 85' lang='lat' dir='ltr'><strong>ad</strong></span> <span class='ocrx_word' id='word_1_188' title='bbox 842 2133 902 2184; x_wconf 87' lang='lat' dir='ltr'><strong>nni·</strong></span> 
     </span>
    </p>
   </div>
   <div class='ocr_carea' id='block_1_9' title="bbox 1 2197 901 2335">
    <p class='ocr_par' dir='ltr' id='par_1_11' title="bbox 1 2197 901 2335">
     <span class='ocr_line' id='line_1_30' title="bbox 1 2197 901 2270; baseline 0.001 -21"><span class='ocrx_word' id='word_1_189' title='bbox 1 2197 2 2203; x_wconf 74' lang='grc'>’</span> <span class='ocrx_word' id='word_1_190' title='bbox 96 2213 159 2250; x_wconf 87' lang='lat' dir='ltr'><strong>mos</strong></span> <span class='ocrx_word' id='word_1_191' title='bbox 180 2206 291 2252; x_wconf 79' lang='lat' dir='ltr'><strong>vestros</strong></span> <span class='ocrx_word' id='word_1_192' title='bbox 317 2203 391 2252; x_wconf 87' lang='lat' dir='ltr'><strong>omni</strong></span> <span class='ocrx_word' id='word_1_193' title='bbox 410 2202 548 2270; x_wconf 83' lang='lat' dir='ltr'><strong>elegantis</strong></span> <span class='ocrx_word' id='word_1_194' title='bbox 569 2202 714 2254; x_wconf 83' lang='lat' dir='ltr'><strong>doetrinae</strong></span> <span class='ocrx_word' id='word_1_195' title='bbox 738 2201 901 2270; x_wconf 79' lang='lat' dir='ltr'><strong>cognitione</strong></span> 
     </span>
     <span class='ocr_line' id='line_1_31' title="bbox 1 2265 900 2335; baseline 0 -19"><span class='ocrx_word' id='word_1_196' title='bbox 1 2281 2 2288; x_wconf 52' lang='lat'>¹</span> <span class='ocrx_word' id='word_1_197' title='bbox 98 2265 900 2335; x_wconf 81' lang='lat' dir='ltr'><strong>complendospertinent,vobisallatimsuppetantomnia,</strong></span> 
     </span>
    </p>
   </div>
   <div class='ocr_carea' id='block_1_10' title="bbox 1 2321 903 2450">
    <p class='ocr_par' dir='ltr' id='par_1_12' title="bbox 1 2321 903 2450">
     <span class='ocr_line' id='line_1_32' title="bbox 1 2321 903 2450; baseline -0.007 -61"><span class='ocrx_word' id='word_1_198' title='bbox 1 2321 2 2346; x_wconf 55' lang='lat'><strong>³</strong></span> <span class='ocrx_word' id='word_1_199' title='bbox 96 2333 191 2388; x_wconf 59' lang='lat' dir='ltr'><strong>antas</strong></span> <span class='ocrx_word' id='word_1_200' title='bbox 212 2336 433 2450; x_wconf 63' lang='lat' dir='ltr'><strong>opportunitates</strong></span> <span class='ocrx_word' id='word_1_201' title='bbox 453 2332 612 2404; x_wconf 79' lang='lat' dir='ltr'><strong>neglexisse</strong></span> <span class='ocrx_word' id='word_1_202' title='bbox 631 2334 766 2401; x_wconf 83' lang='lat' dir='ltr'><strong>vobisque</strong></span> <span class='ocrx_word' id='word_1_203' title='bbox 788 2333 903 2400; x_wconf 81' lang='lat' dir='ltr'><strong>ipsimet</strong></span> 
     </span>
    </p>
   </div>
   <div class='ocr_carea' id='block_1_11' title="bbox 1 2395 900 2468">
    <p class='ocr_par' dir='ltr' id='par_1_13' title="bbox 1 2395 900 2468">
     <span class='ocr_line' id='line_1_33' title="bbox 1 2395 900 2468; baseline -0.001 -17"><span class='ocrx_word' id='word_1_204' title='bbox 1 2395 2 2426; x_wconf 75' lang='lat'>³</span> <span class='ocrx_word' id='word_1_205' title='bbox 99 2395 252 2452; x_wconf 83' lang='lat' dir='ltr'><strong>doluisses</strong></span> <span class='ocrx_word' id='word_1_206' title='bbox 265 2399 394 2452; x_wconf 86' lang='lat' dir='ltr'><strong>deamini.</strong></span> <span class='ocrx_word' id='word_1_207' title='bbox 423 2402 563 2468; x_wconf 82' lang='lat' dir='ltr'><strong>Cogitate,</strong></span> <span class='ocrx_word' id='word_1_208' title='bbox 574 2400 644 2452; x_wconf 91' lang='lat' dir='ltr'><strong>nihil</strong></span> <span class='ocrx_word' id='word_1_209' title='bbox 653 2403 733 2453; x_wconf 89' lang='lat' dir='ltr'><strong>vobis</strong></span> <span class='ocrx_word' id='word_1_210' title='bbox 744 2400 900 2452; x_wconf 80' lang='lat' dir='ltr'><strong>claritatem</strong></span> 
     </span>
    </p>
   </div>
   <div class='ocr_carea' id='block_1_12' title="bbox 96 2465 907 2602">
    <p class='ocr_par' dir='ltr' id='par_1_14' title="bbox 96 2465 907 2602">
     <span class='ocr_line' id='line_1_34' title="bbox 97 2465 899 2535; baseline 0 -19"><span class='ocrx_word' id='word_1_211' title='bbox 97 2467 220 2534; x_wconf 87' lang='lat' dir='ltr'><strong>patriae,</strong></span> <span class='ocrx_word' id='word_1_212' title='bbox 233 2465 303 2517; x_wconf 89' lang='lat' dir='ltr'><strong>nihil</strong></span> <span class='ocrx_word' id='word_1_213' title='bbox 313 2467 488 2535; x_wconf 87' lang='lat' dir='ltr'><strong>splendorem</strong></span> <span class='ocrx_word' id='word_1_214' title='bbox 499 2469 624 2535; x_wconf 84' lang='lat' dir='ltr'><strong>generis,</strong></span> <span class='ocrx_word' id='word_1_215' title='bbox 637 2466 709 2520; x_wconf 91' lang='lat' dir='ltr'><strong>nihil</strong></span> <span class='ocrx_word' id='word_1_216' title='bbox 718 2481 799 2533; x_wconf 88' lang='lat' dir='ltr'><strong>opum</strong></span> <span class='ocrx_word' id='word_1_217' title='bbox 810 2481 843 2518; x_wconf 88' lang='lat' dir='ltr'><strong>ac</strong></span> <span class='ocrx_word' id='word_1_218' title='bbox 853 2479 899 2516; x_wconf 85' lang='lat' dir='ltr'><strong>eo-</strong></span> 
     </span>
     <span class='ocr_line' id='line_1_35' title="bbox 96 2530 907 2602; baseline 0 -20"><span class='ocrx_word' id='word_1_219' title='bbox 96 2532 206 2600; x_wconf 84' lang='lat' dir='ltr'><strong>piarum</strong></span> <span class='ocrx_word' id='word_1_220' title='bbox 231 2532 399 2586; x_wconf 80' lang='lat' dir='ltr'><strong>affluentiam</strong></span> <span class='ocrx_word' id='word_1_221' title='bbox 420 2536 555 2602; x_wconf 88' lang='lat' dir='ltr'><strong>prodesse</strong></span> <span class='ocrx_word' id='word_1_222' title='bbox 577 2549 676 2602; x_wconf 88' lang='lat' dir='ltr'><strong>posse,</strong></span> <span class='ocrx_word' id='word_1_223' title='bbox 700 2534 756 2584; x_wconf 89' lang='lat' dir='ltr'><strong>nisi</strong></span> <span class='ocrx_word' id='word_1_224' title='bbox 776 2533 811 2584; x_wconf 84' lang='lat' dir='ltr'><strong>od</strong></span> <span class='ocrx_word' id='word_1_225' title='bbox 831 2530 907 2584; x_wconf 71' lang='lat' dir='ltr'><strong>nnec·</strong></span> 
     </span>
    </p>
   </div>
   <div class='ocr_carea' id='block_1_13' title="bbox 92 2617 899 2722">
    <p class='ocr_par' dir='ltr' id='par_1_15' title="bbox 92 2617 899 2722">
     <span class='ocr_line' id='line_1_36' title="bbox 126 2617 899 2676; baseline 0 -14"><span class='ocrx_word' id='word_1_226' title='bbox 126 2620 148 2671; x_wconf 82' lang='lat'><strong>⁰)</strong></span> <span class='ocrx_word' id='word_1_227' title='bbox 163 2617 284 2663; x_wconf 79' lang='lat' dir='ltr'><strong>llannilsl·</strong></span> <span class='ocrx_word' id='word_1_228' title='bbox 293 2619 354 2676; x_wconf 79' lang='lat' dir='ltr'><strong>opud</strong></span> <span class='ocrx_word' id='word_1_229' title='bbox 368 2620 467 2666; x_wconf 73' lang='lat' dir='ltr'><strong>Ennium</strong></span> <span class='ocrx_word' id='word_1_230' title='bbox 480 2619 563 2666; x_wconf 69' lang='lat' dir='ltr'><strong>Annei</strong></span> <span class='ocrx_word' id='word_1_231' title='bbox 576 2618 643 2666; x_wconf 87' lang='lat' dir='ltr'><strong>vm.</strong></span> <span class='ocrx_word' id='word_1_232' title='bbox 657 2623 692 2666; x_wconf 77' lang='lat' dir='ltr'><strong>tl.</strong></span> <span class='ocrx_word' id='word_1_233' title='bbox 724 2619 778 2664; x_wconf 83' lang='lat' dir='ltr'><strong>Vid.</strong></span> <span class='ocrx_word' id='word_1_234' title='bbox 794 2619 842 2666; x_wconf 79' lang='lat' dir='ltr'><strong>Cic·</strong></span> <span class='ocrx_word' id='word_1_235' title='bbox 856 2633 899 2675; x_wconf 85' lang='lat' dir='ltr'><strong>pro</strong></span> 
     </span>
     <span class='ocr_line' id='line_1_37' title="bbox 92 2674 280 2722; baseline -0.011 -2"><span class='ocrx_word' id='word_1_236' title='bbox 92 2674 171 2720; x_wconf 77' lang='lat' dir='ltr'><strong>&#39;Bello</strong></span> <span class='ocrx_word' id='word_1_237' title='bbox 183 2680 211 2722; x_wconf 72' lang='lat'><strong>22</strong></span> <span class='ocrx_word' id='word_1_238' title='bbox 220 2679 280 2722; x_wconf 76' lang='lat' dir='ltr'><strong>extr.</strong></span> 
     </span>
    </p>
   </div>
   <div class='ocr_carea' id='block_1_14' title="bbox 0 0 1074 3010">
    <p class='ocr_par' dir='ltr' id='par_1_16' title="bbox 0 0 1074 3010">
     <span class='ocr_line' id='line_1_38' title="bbox 0 0 1074 3010; baseline 0 1"><span class='ocrx_word' id='word_1_239' title='bbox 0 0 1074 3010; x_wconf 95' lang='lat' dir='ltr'><strong> </strong></span> 
     </span>
    </p>
   </div>
  </div>
 </body>
</html>
