2120 3018
206 178 239 233 ao
474 179 636 262 oanrrro.
654 181 737 235 vm.

207 295 242 350 ge
254 279 324 331 alius
335 291 477 341 arvorum,
490 279 561 332 alius
571 263 700 334 arborum
713 287 842 356 aspectus
857 289 913 336 est.'
942 285 1007 337 Fla-

206 363 257 398 rae
271 354 396 414 segetes,¹
406 347 508 397 lividae
523 349 725 414 uites,0nustae
742 350 840 415 opibus
851 352 910 402 suis
924 353 1008 403 arbo·

206 429 265 478 ras3
284 429 338 464 non
349 412 472 464 corollas
482 416 536 464 iam
548 421 596 464 aut
606 422 682 464 serta
690 421 834 480 texuntur,
845 419 893 468 sed
904 419 1010 469 teritur

207 496 286 542 area,
307 480 395 530 linunt
410 479 516 546 praela;
539 478 640 530 horrea
658 482 802 549 cellaeque
820 484 1008 549 complentur;

207 547 411 606 mutilitatem,
426 560 480 596 non
491 546 607 612 amplius
619 548 654 598 ad
663 548 847 614 voluptatem,
863 547 954 601 omnia
963 567 1006 602 re·

206 614 341 682 feruntur.
377 613 445 672 Hic,
456 613 483 661 in
498 628 552 678 quo
564 627 617 680 ego
629 630 700 665 nuno
709 631 782 676 sum,
794 617 872 682 quasi
884 622 1008 668 auctum-

160 738 167 746 ,
206 696 258 731 nus
280 677 388 745 quidam
409 680 508 728 aetatis
530 685 581 740 est,
602 681 677 744 quod
696 682 849 732 senectutis
869 683 953 734 limen
973 699 1008 735 ac
1046 710 1048 717 <

206 745 372 796 vestibulum
384 745 485 795 Graeci
501 748 600 810 poetae
614 753 724 798 vocant.
761 747 822 808 Quo
836 755 961 815 tempore
975 759 1010 803 ut

206 814 235 862 in
246 811 287 861 rei
299 810 445 862 familiaris
459 811 697 862 administratione
711 815 876 866 attentiores
891 831 954 872 esse
970 819 1006 868 ad

206 879 312 928 lucrum
322 877 461 938 homines,
476 879 587 929 omissis
597 879 737 941 inanibus,
753 881 856 930 solenti
869 882 910 931 ita
919 885 1007 935 mein

206 942 258 994 hae
269 943 422 996 litterarum
432 945 611 1007 tractatione,
628 947 702 1010 quod
718 945 785 996 mihi
795 947 904 998 unicum
918 952 1007 1013 patri·

206 1011 328 1062 monium
341 1017 397 1072 est,
416 1010 452 1061 iis
470 1010 608 1074 omnibus,
624 1027 695 1076 quaa
707 1013 743 1063 ad
756 1025 882 1079 pompam
896 1020 1006 1068 tantum

207 1084 289 1144 atque
304 1079 518 1129 ostentationem
537 1077 655 1140 faciunt,
676 1081 824 1146 amputatis
840 1095 873 1132 aa
887 1081 1007 1134 circum-

207 1145 281 1205 cisis,
291 1143 436 1196 fructuosa
446 1144 530 1196 modo
542 1147 697 1196 consectari
709 1147 799 1198 decet.

239 1210 334 1278 ltaque
349 1209 433 1261 hodie
445 1225 501 1262 non
520 1209 620 1264 faciam
640 1212 681 1272 id,
702 1211 775 1278 quod
789 1213 869 1264 multi
887 1227 931 1265 me
946 1211 1006 1265 ior·
1048 1259 1049 1272 ,

205 1284 281 1329 tasse
297 1277 433 1328 iacturum
445 1279 590 1344 putabant,
610 1283 640 1328 ut
653 1279 766 1345 aliquod
779 1278 846 1329 mihi
859 1291 1005 1347 argumen-
1047 1275 1049 1352 j

205 1351 263 1397 tum
278 1359 398 1406 suniam,
413 1345 505 1411 inquo
517 1345 636 1395 disertus
652 1359 684 1395 ac
699 1345 829 1412 copiosus
842 1347 932 1399 videri
945 1353 1005 1398 stu-

206 1412 301 1473 deam,
320 1412 369 1462 sed
389 1426 422 1462 ea
443 1412 569 1463 oratione
589 1425 652 1462 inea
670 1411 851 1478 complectar,
875 1427 958 1479 quae,
977 1417 1004 1464 si

205 1477 307 1530 dabitis
328 1493 452 1544 operam,
471 1485 502 1529 ut
513 1479 585 1528 bene
598 1479 709 1544 penitus
727 1479 817 1530 animo
837 1479 1005 1541 combibatis

206 1558 238 1595 aa
258 1544 508 1614 comprehendatis,
524 1560 581 1596 non
594 1546 733 1596 minimam
754 1546 833 1596 robis
852 1546 1005 1610 utilitatem

205 1611 324 1662 allatura
342 1627 404 1664 esse
419 1612 538 1663 conlido.
575 1612 691 1672 Quando
707 1612 780 1662 enirn
794 1611 952 1664 Aristotelis
967 1611 1005 1664 do

187 1684 265 1732 arte
282 1676 424 1730 rhetorica
442 1679 530 1730 libros
548 1693 602 1730 una
619 1679 748 1728 evolvere
762 1680 869 1742 exorsi,
887 1683 1005 1746 propter

206 1757 280 1806 esar,
296 1761 366 1812 quae
377 1746 524 1811 quotannis
535 1750 641 1794 aestate
652 1744 712 1793 lieri
724 1743 809 1806 solet,
824 1746 1004 1796 exercitatio-

205 1827 268 1863 num
282 1818 438 1866 nostrarum
452 1811 700 1871 intermissionem,
713 1810 760 1862 diu
776 1811 829 1862 iam
844 1813 879 1860 ab
892 1824 925 1860 eo
938 1825 1004 1862 eva-

203 1879 263 1944 gati
276 1879 410 1944 quasique
424 1875 594 1941 peregrinati
608 1890 714 1937 suanus,
728 1877 840 1943 nequid
853 1889 1004 1929 aaresno-

203 1945 247 1996 bis
258 1942 426 1996 inoommodi
434 1941 545 2000 alferat,
561 1955 629 1990 neve
643 1941 752 2004 obstet,
764 1959 818 2009 quo
828 1943 918 1994 minus
929 1957 1004 2008 quae

133 2013 138 2018 “
203 2011 313 2077 reliqua
321 2014 384 2060 sunt
397 2007 481 2057 tacite
492 2006 714 2074 arobis-pereipi
723 2011 844 2075 possint,
860 2009 1004 2062 revocabo

204 2092 237 2128 aa
252 2083 375 2141 repetam
388 2087 476 2138 usque
490 2089 507 2123 a
521 2076 612 2138 capite
626 2078 729 2135 omnia,
750 2089 820 2139 quaa
834 2088 922 2137 usque
936 2071 1004 2139 huc,

204 2143 273 2195 duee
293 2149 326 2191 de
344 2139 477 2204 magistro
488 2136 651 2202 Aristotele,
672 2140 829 2198 didicimus,
849 2153 1003 2206 eorumque

202 2221 335 2261 summam
351 2206 486 2272 quandam
500 2207 657 2267 conficiam,
674 2214 719 2266 ut,
734 2219 794 2256 eum
809 2203 886 2256 robis
899 2205 928 2256 in
944 2222 1002 2260 me-

201 2273 319 2326 moriam
328 2273 465 2337 redegero
480 2273 580 2338 siquid
595 2271 713 2334 effluxit,
727 2271 873 2338 omniaque
884 2273 934 2323 sub
943 2290 1000 2326 uno

202 2345 318 2406 aspectu
340 2353 474 2404 posuero,
500 2341 670 2391 commodius
697 2346 792 2390 cetera
812 2346 1000 2407 perterrentur.

128 2441 134 2450 .
203 2406 344 2470 Principio
359 2408 444 2473 igitur
454 2408 617 2458 meministis
628 2408 722 2458 dicere
731 2421 788 2468 me,
802 2411 920 2474 quatuor
932 2407 1000 2460 luis·

202 2487 246 2536 se,
261 2487 331 2540 quae
344 2474 490 2526 Aristoteli
501 2473 535 2524 de
545 2472 685 2526 rhetorica
695 2475 831 2540 scripturo
844 2474 928 2526 obiici
937 2490 1000 2542 pos·

203 2554 233 2592 aa
258 2541 428 2594 riderentur.
473 2541 675 2605 Primum,non
698 2543 766 2604 satis
793 2542 903 2612 dignam
926 2556 1000 2604 esse,

203 2623 283 2675 quarn
304 2609 369 2661 talis
390 2614 538 2675 tantusque
561 2608 744 2678 philosophus
767 2610 820 2660 sibi
848 2608 999 2660 docendam

202 2683 285 2752 atque
298 2677 490 2731 illustrandam
503 2686 639 2742 sumeret,
653 2681 753 2748 quippe
769 2693 851 2748 quam
864 2689 950 2744 usque
963 2689 997 2726 eo
