2120 3018
198 167 233 220 20
482 161 637 218 ORATIO
652 157 704 214 ni.

199 277 260 315 cum
279 265 387 318 interea
402 263 483 317 multi
506 263 632 314 omnibus
655 259 769 329 flagitiis
788 263 947 329 cooperati
970 264 1001 316 in

197 334 311 384 animaris
330 333 438 386 deliciis
455 331 593 390 viverent,
621 335 649 378 et
673 330 702 379 in
722 329 848 380 omnibus
872 332 1001 398 negotiis

197 399 255 450 suis
267 399 465 449 secundissima
478 395 591 446 fortuna
601 400 752 446 uterentur.
787 395 863 462 Ergo
878 393 927 446 alii
940 395 1000 446 for-

197 469 292 516 tunam
302 462 468 515 accusabant
477 467 508 511 ut
517 462 639 528 iniquam
650 469 679 512 et
689 462 904 528 iniustam,quac
916 463 1000 529 quasi

143 563 148 570 ι
197 529 292 581 dedita
312 543 397 594 opera
410 528 544 592 improbis
557 537 657 590 meter,
676 529 757 580 bonis
771 543 891 579 noverca
907 535 999 592 esset3

196 597 246 646 aiii
256 603 287 653 ut
296 609 406 644 caecam
418 599 446 644 ct
455 597 640 657 temerariam,
652 609 721 661 quac
732 609 803 644 nunc
812 595 912 656 bonos,
923 609 999 646 nunc

196 663 285 712 malos
297 660 372 711 nullo
390 660 547 711 discrimine
561 668 610 712 aut
622 661 782 723 extolleret,
798 667 846 711 aut
860 661 998 726 deprime·
1048 712 1049 717 ,

165 725 169 732 “
195 733 251 788 rct3
274 725 401 798 idemque
422 727 551 780 dicebant
570 727 604 778 de
620 727 717 790 Pluto,
737 742 817 794 quem
836 727 999 778 divitiarum

195 793 286 844 Deum
300 807 361 844 esse
374 794 410 844 tin
432 795 527 854 ebant,
546 800 586 856 et,
601 799 632 845 ut
646 795 678 844 fit
690 795 718 844 in
732 793 886 855 erroribus,
903 794 996 846 desul-

112 895 116 904 -
194 864 269 911 toria
285 859 401 926 quadani
412 809 533 911 ffevitate
547 861 575 911 in
589 862 741 911 contrarias
756 860 907 910 sententias
921 859 996 912 iere·

194 927 304 980 bantur.
339 926 408 978 Nam
417 927 465 977 ubi
480 927 545 993 quid
554 927 636 978 bonis
646 926 716 978 bene
728 933 870 988 evenerat,
887 926 996 978 autubi

194 993 337 1057 improbus
348 994 447 1060 aliquis
462 1000 490 1044 et
499 993 547 1044 diu
559 993 652 1044 divina
664 989 799 1059 patientia
812 993 913 1044 abusus
926 1007 1000 1058 poe·

195 1075 245 1110 aas
260 1059 387 1124 dederat,
405 1066 464 1110 tum
477 1060 567 1110 Deum
582 1066 611 1110 et
625 1075 700 1122 esse,
722 1065 750 1111 et
764 1057 881 1109 humana
894 1073 995 1113 curare
1049 1111 1050 1126 ,

173 1126 359 1178 ‘clamabant
394 1125 469 1178 Eetis
496 1127 522 1178 io
541 1125 642 1194 superi,
671 1128 711 1178 ait
733 1125 838 1178 Statius
848 1126 903 1188 **)‚
930 1140 994 1176 cum
1049 1167 1050 1182 ,

195 1193 383 1244 convaluisset
392 1209 408 1243 a
417 1193 574 1259 periculoso
585 1193 681 1244 morbo
691 1193 734 1244 vir
744 1191 860 1244 eximiae
870 1191 993 1258 probita-

126 1279 132 1292 ¹
193 1260 245 1320 tis,
260 1259 380 1310 Rutilius
394 1259 526 1312 Gallicus.
560 1261 595 1310 At
609 1266 718 1320 contra,
732 1258 778 1309 ubi
790 1259 855 1325 quid
866 1259 991 1325 contige·
1049 1311 1050 1320 ,

194 1327 239 1377 r'at
254 1332 446 1394 contraquam
464 1342 580 1394 aequum
596 1341 659 1378 esse
675 1331 831 1386 censerent,
851 1323 927 1375 Deos
944 1331 993 1376 aut

194 1393 287 1447 nullos
298 1407 368 1457 esse,
380 1401 427 1445 aut
436 1396 563 1446 crudeles
573 1400 603 1445 et
611 1395 729 1445 iniustos
740 1407 802 1444 esse
813 1391 954 1442 dicebant:

218 1495 219 1500 ’
229 1491 381 1547 Marmorea
392 1493 502 1546 Licinus
512 1494 610 1546 torraclo
620 1492 702 1556 iacet,
721 1499 752 1543 ct
762 1491 829 1543 Cato
836 1501 941 1557 parces

262 1559 403 1629 Pompeius
414 1562 499 1614 nulle:
517 1561 646 1616 credimus
656 1575 712 1614 eece
719 1557 792 1610 Deos
802 1557 879 1622 *Ὗ

228 1693 356 1747 Mortuus
376 1701 437 1749 erat
450 1696 567 1750 alicuius
580 1697 696 1754 amicus,
717 1703 798 1758 quem
811 1693 872 1758 ipse
885 1690 989 1742 diutius

194 1763 289 1813 vivere
308 1764 450 1830 cupiisset.
484 1763 611 1829 Negabat
629 1759 705 1810 Deos
726 1772 800 1808 esse:
818 1759 847 1809 id
864 1757 936 1808 enim
954 1756 990 1806 ab

196 1842 292 1879 eorum
320 1831 430 1883 iustitia
456 1829 576 1886 alienum
598 1825 695 1878 rideri.
729 1823 826 1897 ltaque
849 1824 878 1878 iu
900 1829 990 1875 morte

195 1895 301 1948 Tibulli
311 1897 438 1950 Ovidius:

172 1978 184 1993 ’
248 1994 315 2048 Cum
324 1996 435 2064 rapiant
443 1993 514 2044 mala
517 1990 586 2060 fata
596 1989 685 2052 bonos,
695 1988 826 2058 ignoscite
827 1987 917 2058 fasee,

279 2055 760 2125 SollicitornuiloecereputareDeoe.

244 2196 265 2252 ⁸)
280 2193 372 2238 Sallust.
383 2192 432 2235 Oet
441 2194 513 2243 iitpr.
523 2187 551 2234 de
561 2189 588 2239 Ω.
598 2187 704 2234 Curicum
714 2185 809 2239 flagitiis
817 2185 841 2228 et
850 2181 990 2234 iecinoribus

196 2257 324 2309 coopertus.
603 2255 606 2262 ’

163 2389 165 2397 ,
232 2339 262 2392 ¹⁸)
278 2335 335 2380 silv.
344 2335 362 2379 1.
371 2337 392 2376 i.
403 2337 422 2377 i.

223 2427 264 2479 ⁰⁸¹)
279 2421 356 2469 Seiani.
367 2422 434 2477 Gruq.
444 2422 467 2466 in
476 2422 558 2468 Horat.
569 2423 635 2478 epist.
650 2423 679 2466 ed
693 2421 771 2467 Piros.
785 2425 833 2468 tbi.
846 2423 887 2473 eui
900 2425 989 2482 (tonsor

196 2481 298 2534 Licinus)
309 2480 392 2522 dicitur
401 2481 475 2533 factus
485 2479 711 2531 senatorecsesare,
727 2480 785 2538 quod
797 2481 882 2524 odisset
890 2481 988 2538 Pompa-

195 2537 252 2586 iunrr
268 2537 296 2580 de
307 2548 349 2590 quo
360 2535 402 2578 boc
411 2536 520 2592 scriptum
529 2541 565 2579 est
574 2537 729 2592 epitaphium
787 2547 798 2564 r

185 2623 210 2634 Α
305 2608 430 2654 idamoroo
441 2611 525 2653 tornulo
536 2610 630 2654 Licinus
639 2611 711 2660 iacet,
719 2611 750 2652 ‘et
761 2607 818 2653 Crto
827 2607 903 2664 nullas

333 2663 457 2724 Pompeius
467 2679 549 2724 parvos
565 2669 615 2724 quis
624 2671 692 2724 putet
699 2678 750 2712 erse
760 2666 840 2713 Decri
