<?xml version="1.0" encoding="UTF-8"?>
<!DOCTYPE html PUBLIC "-//W3C//DTD XHTML 1.0 Transitional//EN"
    "http://www.w3.org/TR/xhtml1/DTD/xhtml1-transitional.dtd">
<html xmlns="http://www.w3.org/1999/xhtml" xml:lang="en" lang="en">
 <head>
  <title>
</title>
<meta http-equiv="Content-Type" content="text/html;charset=utf-8" />
  <meta name='ocr-system' content='tesseract 3.04.00' />
  <meta name='ocr-capabilities' content='ocr_page ocr_carea ocr_par ocr_line ocrx_word'/>
</head>
<body>
  <div class='ocr_page' id='page_1' title='image "./mantoniimuretie01muregoog_0053.png"; bbox 0 0 2120 3018; ppageno 0'>
   <div class='ocr_carea' id='block_1_1' title="bbox 155 137 686 226">
    <p class='ocr_par' dir='ltr' id='par_1_1' title="bbox 155 137 686 226">
     <span class='ocr_line' id='line_1_1' title="bbox 155 137 686 226; baseline 0.006 -2"><span class='ocrx_word' id='word_1_1' title='bbox 155 137 213 224; x_wconf 63' lang='lat' dir='ltr'><strong>&#39;aa</strong></span> <span class='ocrx_word' id='word_1_2' title='bbox 465 171 617 224; x_wconf 72' lang='lat' dir='ltr'><strong>orario</strong></span> <span class='ocrx_word' id='word_1_3' title='bbox 635 170 686 226; x_wconf 73' lang='grc' dir='ltr'><strong>ιν.</strong></span> 
     </span>
    </p>
   </div>
   <div class='ocr_carea' id='block_1_2' title="bbox 117 269 1054 2521">
    <p class='ocr_par' dir='ltr' id='par_1_2' title="bbox 117 269 1053 605">
     <span class='ocr_line' id='line_1_2' title="bbox 117 269 980 342; baseline 0.007 -20"><span class='ocrx_word' id='word_1_4' title='bbox 117 299 118 302; x_wconf 60' lang='lat'><em>=</em></span> <span class='ocrx_word' id='word_1_5' title='bbox 178 271 289 340; x_wconf 85' lang='lat' dir='ltr'><strong>publice</strong></span> <span class='ocrx_word' id='word_1_6' title='bbox 315 271 350 324; x_wconf 87' lang='lat' dir='ltr'><strong>ad</strong></span> <span class='ocrx_word' id='word_1_7' title='bbox 377 269 503 324; x_wconf 82' lang='lat' dir='ltr'><strong>homines</strong></span> <span class='ocrx_word' id='word_1_8' title='bbox 526 275 702 339; x_wconf 83' lang='lat' dir='ltr'><strong>perveniant,</strong></span> <span class='ocrx_word' id='word_1_9' title='bbox 730 277 881 342; x_wconf 74' lang='lat' dir='ltr'>contraque</span> <span class='ocrx_word' id='word_1_10' title='bbox 903 277 980 328; x_wconf 87' lang='lat' dir='ltr'><strong>mala</strong></span> 
     </span>
     <span class='ocr_line' id='line_1_3' title="bbox 180 337 979 406; baseline 0.006 -18"><span class='ocrx_word' id='word_1_11' title='bbox 180 339 272 389; x_wconf 87' lang='lat' dir='ltr'><strong>omnia</strong></span> <span class='ocrx_word' id='word_1_12' title='bbox 282 339 315 390; x_wconf 82' lang='lat' dir='ltr'><strong>ab</strong></span> <span class='ocrx_word' id='word_1_13' title='bbox 325 339 479 389; x_wconf 85' lang='lat' dir='ltr'><strong>iniustitiae</strong></span> <span class='ocrx_word' id='word_1_14' title='bbox 493 337 570 390; x_wconf 83' lang='lat' dir='ltr'><strong>fonte</strong></span> <span class='ocrx_word' id='word_1_15' title='bbox 580 345 699 390; x_wconf 83' lang='lat' dir='ltr'><strong>manent.</strong></span> <span class='ocrx_word' id='word_1_16' title='bbox 733 340 824 390; x_wconf 82' lang='lat' dir='ltr'><strong>liuius</strong></span> <span class='ocrx_word' id='word_1_17' title='bbox 837 342 979 406; x_wconf 80' lang='lat' dir='ltr'><strong>opinionis</strong></span> 
     </span>
     <span class='ocr_line' id='line_1_4' title="bbox 180 405 1053 472; baseline 0.003 -17"><span class='ocrx_word' id='word_1_18' title='bbox 180 419 246 456; x_wconf 86' lang='lat' dir='ltr'><strong>suae</strong></span> <span class='ocrx_word' id='word_1_19' title='bbox 267 407 323 457; x_wconf 88' lang='lat' dir='ltr'><strong>tria</strong></span> <span class='ocrx_word' id='word_1_20' title='bbox 340 405 514 470; x_wconf 87' lang='lat' dir='ltr'><strong>potissimum</strong></span> <span class='ocrx_word' id='word_1_21' title='bbox 534 413 695 472; x_wconf 84' lang='lat' dir='ltr'><strong>argumenta</strong></span> <span class='ocrx_word' id='word_1_22' title='bbox 714 405 842 456; x_wconf 84' lang='lat' dir='ltr'><strong>afferunt.</strong></span> <span class='ocrx_word' id='word_1_23' title='bbox 877 407 978 469; x_wconf 88' lang='lat' dir='ltr'><strong>Unum,</strong></span> <span class='ocrx_word' id='word_1_24' title='bbox 1052 463 1053 468; x_wconf 63' lang='lat'>,</span> 
     </span>
     <span class='ocr_line' id='line_1_5' title="bbox 179 471 978 542; baseline 0.003 -20"><span class='ocrx_word' id='word_1_25' title='bbox 179 471 253 536; x_wconf 77' lang='lat' dir='ltr'><strong>quod</strong></span> <span class='ocrx_word' id='word_1_26' title='bbox 276 471 441 537; x_wconf 87' lang='lat' dir='ltr'><strong>principium</strong></span> <span class='ocrx_word' id='word_1_27' title='bbox 465 471 552 522; x_wconf 90' lang='lat' dir='ltr'><strong>totius</strong></span> <span class='ocrx_word' id='word_1_28' title='bbox 581 471 793 542; x_wconf 79' lang='lat' dir='ltr'><strong>disputationis,</strong></span> <span class='ocrx_word' id='word_1_29' title='bbox 821 487 892 538; x_wconf 89' lang='lat' dir='ltr'><strong>quae</strong></span> <span class='ocrx_word' id='word_1_30' title='bbox 915 488 978 524; x_wconf 88' lang='lat' dir='ltr'><strong>cum</strong></span> 
     </span>
     <span class='ocr_line' id='line_1_6' title="bbox 180 535 979 605; baseline 0.004 -19"><span class='ocrx_word' id='word_1_31' title='bbox 180 536 301 603; x_wconf 76' lang='lat' dir='ltr'><strong>Cephalo</strong></span> <span class='ocrx_word' id='word_1_32' title='bbox 328 545 481 604; x_wconf 80' lang='lat' dir='ltr'><strong>posteaque</strong></span> <span class='ocrx_word' id='word_1_33' title='bbox 507 553 569 588; x_wconf 90' lang='lat' dir='ltr'><strong>cum</strong></span> <span class='ocrx_word' id='word_1_34' title='bbox 594 535 776 588; x_wconf 78' lang='lat' dir='ltr'><strong>Polensarcho</strong></span> <span class='ocrx_word' id='word_1_35' title='bbox 801 545 829 588; x_wconf 87' lang='lat' dir='ltr'><strong>et</strong></span> <span class='ocrx_word' id='word_1_36' title='bbox 855 536 979 605; x_wconf 87' lang='lat' dir='ltr'><strong>Thrasy-</strong></span> 
     </span>
    </p>

    <p class='ocr_par' dir='ltr' id='par_1_3' title="bbox 132 602 978 800">
     <span class='ocr_line' id='line_1_7' title="bbox 132 602 977 671; baseline 0.001 -18"><span class='ocrx_word' id='word_1_37' title='bbox 132 652 139 665; x_wconf 76' lang='grc'><em>,</em></span> <span class='ocrx_word' id='word_1_38' title='bbox 177 602 276 653; x_wconf 75' lang='lat' dir='ltr'><strong>eraclio</strong></span> <span class='ocrx_word' id='word_1_39' title='bbox 286 603 448 665; x_wconf 83' lang='lat' dir='ltr'><strong>instituitur,</strong></span> <span class='ocrx_word' id='word_1_40' title='bbox 459 603 606 656; x_wconf 84' lang='lat' dir='ltr'><strong>manifeste</strong></span> <span class='ocrx_word' id='word_1_41' title='bbox 617 603 749 654; x_wconf 84' lang='lat' dir='ltr'><strong>aiustitie</strong></span> <span class='ocrx_word' id='word_1_42' title='bbox 759 603 877 666; x_wconf 86' lang='lat' dir='ltr'><strong>ducitur,</strong></span> <span class='ocrx_word' id='word_1_43' title='bbox 886 619 977 671; x_wconf 87' lang='lat' dir='ltr'><strong>neque</strong></span> 
     </span>
     <span class='ocr_line' id='line_1_8' title="bbox 179 667 978 736; baseline 0.005 -19"><span class='ocrx_word' id='word_1_44' title='bbox 179 669 328 736; x_wconf 81' lang='lat' dir='ltr'><strong>quidquam</strong></span> <span class='ocrx_word' id='word_1_45' title='bbox 338 667 372 720; x_wconf 89' lang='lat' dir='ltr'><strong>ab</strong></span> <span class='ocrx_word' id='word_1_46' title='bbox 384 669 424 718; x_wconf 90' lang='lat' dir='ltr'><strong>eis</strong></span> <span class='ocrx_word' id='word_1_47' title='bbox 436 669 510 721; x_wconf 87' lang='lat' dir='ltr'><strong>aliud</strong></span> <span class='ocrx_word' id='word_1_48' title='bbox 521 669 617 736; x_wconf 87' lang='lat' dir='ltr'><strong>quaeri</strong></span> <span class='ocrx_word' id='word_1_49' title='bbox 627 669 746 731; x_wconf 63' lang='lat' dir='ltr'><strong>videtum</strong></span> <span class='ocrx_word' id='word_1_50' title='bbox 766 668 891 731; x_wconf 86' lang='lat' dir='ltr'><strong>alterurn,</strong></span> <span class='ocrx_word' id='word_1_51' title='bbox 902 671 978 735; x_wconf 91' lang='lat' dir='ltr'><strong>quod</strong></span> 
     </span>
     <span class='ocr_line' id='line_1_9' title="bbox 179 732 976 800; baseline 0.005 -16"><span class='ocrx_word' id='word_1_52' title='bbox 179 733 310 800; x_wconf 88' lang='lat' dir='ltr'><strong>quicquid</strong></span> <span class='ocrx_word' id='word_1_53' title='bbox 323 734 353 784; x_wconf 89' lang='lat' dir='ltr'><strong>in</strong></span> <span class='ocrx_word' id='word_1_54' title='bbox 364 732 406 784; x_wconf 89' lang='lat' dir='ltr'><strong>his</strong></span> <span class='ocrx_word' id='word_1_55' title='bbox 418 735 495 786; x_wconf 90' lang='lat' dir='ltr'><strong>libris</strong></span> <span class='ocrx_word' id='word_1_56' title='bbox 509 737 544 797; x_wconf 70' lang='lat' dir='ltr'><strong>(le</strong></span> <span class='ocrx_word' id='word_1_57' title='bbox 559 750 590 785; x_wconf 87' lang='lat' dir='ltr'><strong>re</strong></span> <span class='ocrx_word' id='word_1_58' title='bbox 611 735 702 785; x_wconf 86' lang='lat' dir='ltr'><strong>ublica</strong></span> <span class='ocrx_word' id='word_1_59' title='bbox 716 735 831 797; x_wconf 85' lang='lat' dir='ltr'><strong>dicitur,</strong></span> <span class='ocrx_word' id='word_1_60' title='bbox 848 737 976 788; x_wconf 80' lang='lat' dir='ltr'><strong>accessio</strong></span> 
     </span>
    </p>

    <p class='ocr_par' dir='ltr' id='par_1_4' title="bbox 142 751 1054 2521">
     <span class='ocr_line' id='line_1_10' title="bbox 199 751 974 879; baseline 0.005 -31"><span class='ocrx_word' id='word_1_61' title='bbox 199 800 314 853; x_wconf 87' lang='lat' dir='ltr'><strong>uaedam</strong></span> <span class='ocrx_word' id='word_1_62' title='bbox 330 807 374 850; x_wconf 87' lang='lat' dir='ltr'><strong>est</strong></span> <span class='ocrx_word' id='word_1_63' title='bbox 385 807 416 852; x_wconf 87' lang='lat' dir='ltr'><strong>et</strong></span> <span class='ocrx_word' id='word_1_64' title='bbox 436 801 572 879; x_wconf 84' lang='lat' dir='ltr'><strong>appendix</strong></span> <span class='ocrx_word' id='word_1_65' title='bbox 591 751 786 868; x_wconf 59' lang='lat' dir='ltr'><strong>disputationis</strong></span> <span class='ocrx_word' id='word_1_66' title='bbox 801 801 835 852; x_wconf 90' lang='lat' dir='ltr'><strong>de</strong></span> <span class='ocrx_word' id='word_1_67' title='bbox 856 801 974 852; x_wconf 77' lang='lat' dir='ltr'><strong>institia</strong></span> 
     </span>
     <span class='ocr_line' id='line_1_11' title="bbox 208 865 977 918; baseline 0.004 -3"><span class='ocrx_word' id='word_1_68' title='bbox 208 881 250 918; x_wconf 78' lang='lat' dir='ltr'><strong>uns</strong></span> <span class='ocrx_word' id='word_1_69' title='bbox 265 867 337 918; x_wconf 85' lang='lat' dir='ltr'><strong>enim</strong></span> <span class='ocrx_word' id='word_1_70' title='bbox 352 881 387 916; x_wconf 86' lang='lat' dir='ltr'><strong>ex</strong></span> <span class='ocrx_word' id='word_1_71' title='bbox 400 866 617 918; x_wconf 79' lang='lat' dir='ltr'><strong>dubitationibus</strong></span> <span class='ocrx_word' id='word_1_72' title='bbox 632 865 783 918; x_wconf 85' lang='lat' dir='ltr'><strong>Glauconis</strong></span> <span class='ocrx_word' id='word_1_73' title='bbox 797 874 826 917; x_wconf 88' lang='lat' dir='ltr'><strong>et</strong></span> <span class='ocrx_word' id='word_1_74' title='bbox 837 867 977 918; x_wconf 82' lang='lat' dir='ltr'><strong>Adimauti</strong></span> 
     </span>
     <span class='ocr_line' id='line_1_12' title="bbox 179 932 976 998; baseline 0.003 -16"><span class='ocrx_word' id='word_1_75' title='bbox 179 933 339 998; x_wconf 79' lang='lat' dir='ltr'><strong>expressior</strong></span> <span class='ocrx_word' id='word_1_76' title='bbox 352 932 485 998; x_wconf 86' lang='lat' dir='ltr'><strong>quaedem</strong></span> <span class='ocrx_word' id='word_1_77' title='bbox 501 941 529 982; x_wconf 86' lang='lat' dir='ltr'><strong>et</strong></span> <span class='ocrx_word' id='word_1_78' title='bbox 539 933 693 984; x_wconf 85' lang='lat' dir='ltr'><strong>evidentior</strong></span> <span class='ocrx_word' id='word_1_79' title='bbox 705 933 828 984; x_wconf 88' lang='lat' dir='ltr'><strong>iustitiae</strong></span> <span class='ocrx_word' id='word_1_80' title='bbox 843 934 976 984; x_wconf 83' lang='lat' dir='ltr'><strong>tractatio</strong></span> 
     </span>
     <span class='ocr_line' id='line_1_13' title="bbox 177 998 975 1066; baseline 0.004 -18"><span class='ocrx_word' id='word_1_81' title='bbox 177 1011 208 1048; x_wconf 83' lang='lat' dir='ltr'><strong>rc</strong></span> <span class='ocrx_word' id='word_1_82' title='bbox 229 999 379 1059; x_wconf 67' lang='lat' dir='ltr'><strong>uir-eretur,</strong></span> <span class='ocrx_word' id='word_1_83' title='bbox 395 1013 482 1066; x_wconf 89' lang='lat' dir='ltr'><strong>eaque</strong></span> <span class='ocrx_word' id='word_1_84' title='bbox 493 998 700 1052; x_wconf 78' lang='lat' dir='ltr'><strong>videretursem</strong></span> <span class='ocrx_word' id='word_1_85' title='bbox 721 1013 751 1049; x_wconf 90' lang='lat' dir='ltr'><strong>er</strong></span> <span class='ocrx_word' id='word_1_86' title='bbox 761 998 865 1065; x_wconf 90' lang='lat' dir='ltr'><strong>aliquid</strong></span> <span class='ocrx_word' id='word_1_87' title='bbox 877 999 975 1051; x_wconf 86' lang='lat' dir='ltr'><strong>obscu-</strong></span> 
     </span>
     <span class='ocr_line' id='line_1_14' title="bbox 177 1013 975 1134; baseline 0.001 -18"><span class='ocrx_word' id='word_1_88' title='bbox 177 1013 269 1116; x_wconf 65' lang='lat' dir='ltr'><strong>subtis</strong></span> <span class='ocrx_word' id='word_1_89' title='bbox 287 1062 425 1125; x_wconf 82' lang='lat' dir='ltr'><strong>habitura,</strong></span> <span class='ocrx_word' id='word_1_90' title='bbox 440 1079 520 1134; x_wconf 86' lang='lat' dir='ltr'><strong>quam</strong></span> <span class='ocrx_word' id='word_1_91' title='bbox 537 1065 584 1116; x_wconf 89' lang='lat' dir='ltr'><strong>diu</strong></span> <span class='ocrx_word' id='word_1_92' title='bbox 598 1066 627 1116; x_wconf 92' lang='lat' dir='ltr'><strong>in</strong></span> <span class='ocrx_word' id='word_1_93' title='bbox 636 1081 691 1118; x_wconf 91' lang='lat' dir='ltr'><strong>uno</strong></span> <span class='ocrx_word' id='word_1_94' title='bbox 702 1015 818 1117; x_wconf 71' lang='lat' dir='ltr'><strong>bomine</strong></span> <span class='ocrx_word' id='word_1_95' title='bbox 832 1065 975 1118; x_wconf 82' lang='lat' dir='ltr'><strong>insistere·</strong></span> 
     </span>
     <span class='ocr_line' id='line_1_15' title="bbox 178 1129 975 1197; baseline 0.003 -17"><span class='ocrx_word' id='word_1_96' title='bbox 178 1135 236 1192; x_wconf 86' lang='lat' dir='ltr'><strong>tur,</strong></span> <span class='ocrx_word' id='word_1_97' title='bbox 253 1145 307 1195; x_wconf 94' lang='lat' dir='ltr'><strong>quo</strong></span> <span class='ocrx_word' id='word_1_98' title='bbox 321 1131 454 1184; x_wconf 87' lang='lat' dir='ltr'><strong>maiorem</strong></span> <span class='ocrx_word' id='word_1_99' title='bbox 467 1137 495 1184; x_wconf 88' lang='lat' dir='ltr'><strong>et</strong></span> <span class='ocrx_word' id='word_1_100' title='bbox 505 1131 633 1184; x_wconf 88' lang='lat' dir='ltr'><strong>latiorem</strong></span> <span class='ocrx_word' id='word_1_101' title='bbox 646 1147 770 1197; x_wconf 84' lang='lat' dir='ltr'><strong>campum</strong></span> <span class='ocrx_word' id='word_1_102' title='bbox 784 1129 899 1182; x_wconf 86' lang='lat' dir='ltr'><strong>haberet</strong></span> <span class='ocrx_word' id='word_1_103' title='bbox 914 1147 975 1182; x_wconf 86' lang='lat' dir='ltr'><strong>ora·</strong></span> 
     </span>
     <span class='ocr_line' id='line_1_16' title="bbox 178 1196 974 1268; baseline 0.005 -22"><span class='ocrx_word' id='word_1_104' title='bbox 178 1196 234 1257; x_wconf 89' lang='lat' dir='ltr'><strong>tio,</strong></span> <span class='ocrx_word' id='word_1_105' title='bbox 248 1198 360 1247; x_wconf 86' lang='lat' dir='ltr'><strong>transiit</strong></span> <span class='ocrx_word' id='word_1_106' title='bbox 372 1197 502 1249; x_wconf 85' lang='lat' dir='ltr'><strong>Socrates</strong></span> <span class='ocrx_word' id='word_1_107' title='bbox 516 1199 550 1249; x_wconf 86' lang='lat' dir='ltr'><strong>ad</strong></span> <span class='ocrx_word' id='word_1_108' title='bbox 561 1197 877 1268; x_wconf 81' lang='lat' dir='ltr'><strong>explicandemiormam</strong></span> <span class='ocrx_word' id='word_1_109' title='bbox 886 1199 974 1250; x_wconf 88' lang='lat' dir='ltr'><strong>totius</strong></span> 
     </span>
     <span class='ocr_line' id='line_1_17' title="bbox 178 1261 975 1326; baseline 0.003 -14"><span class='ocrx_word' id='word_1_110' title='bbox 178 1261 311 1326; x_wconf 83' lang='lat' dir='ltr'><strong>civitatis,</strong></span> <span class='ocrx_word' id='word_1_111' title='bbox 330 1269 372 1325; x_wconf 90' lang='lat' dir='ltr'><strong>ut,</strong></span> <span class='ocrx_word' id='word_1_112' title='bbox 391 1279 452 1318; x_wconf 85' lang='lat' dir='ltr'><strong>cuns</strong></span> <span class='ocrx_word' id='word_1_113' title='bbox 466 1264 614 1324; x_wconf 89' lang='lat' dir='ltr'><strong>docuisset,</strong></span> <span class='ocrx_word' id='word_1_114' title='bbox 620 1264 673 1314; x_wconf 86' lang='lat' dir='ltr'><strong>toti</strong></span> <span class='ocrx_word' id='word_1_115' title='bbox 687 1264 793 1316; x_wconf 80' lang='lat' dir='ltr'><strong>civitati</strong></span> <span class='ocrx_word' id='word_1_116' title='bbox 804 1271 833 1314; x_wconf 86' lang='lat' dir='ltr'><strong>et</strong></span> <span class='ocrx_word' id='word_1_117' title='bbox 846 1279 975 1316; x_wconf 87' lang='lat' dir='ltr'><strong>necessa·</strong></span> 
     </span>
     <span class='ocr_line' id='line_1_18' title="bbox 177 1329 1054 1398; baseline -0.001 -16"><span class='ocrx_word' id='word_1_118' title='bbox 177 1329 247 1382; x_wconf 79' lang='lat' dir='ltr'><strong>riam</strong></span> <span class='ocrx_word' id='word_1_119' title='bbox 267 1335 295 1379; x_wconf 87' lang='lat' dir='ltr'><strong>et</strong></span> <span class='ocrx_word' id='word_1_120' title='bbox 308 1330 456 1385; x_wconf 80' lang='lat' dir='ltr'><strong>salutarem</strong></span> <span class='ocrx_word' id='word_1_121' title='bbox 472 1345 534 1382; x_wconf 86' lang='lat' dir='ltr'><strong>asse</strong></span> <span class='ocrx_word' id='word_1_122' title='bbox 546 1331 693 1393; x_wconf 84' lang='lat' dir='ltr'><strong>iustitiam,</strong></span> <span class='ocrx_word' id='word_1_123' title='bbox 712 1331 796 1381; x_wconf 84' lang='lat' dir='ltr'><strong>etiam</strong></span> <span class='ocrx_word' id='word_1_124' title='bbox 810 1331 839 1380; x_wconf 90' lang='lat' dir='ltr'><strong>in</strong></span> <span class='ocrx_word' id='word_1_125' title='bbox 855 1329 975 1398; x_wconf 79' lang='lat' dir='ltr'><strong>singulis</strong></span> <span class='ocrx_word' id='word_1_126' title='bbox 1053 1345 1054 1368; x_wconf 57' lang='lat'>¹</span> 
     </span>
     <span class='ocr_line' id='line_1_19' title="bbox 179 1394 1054 1463; baseline 0.002 -19"><span class='ocrx_word' id='word_1_127' title='bbox 179 1394 293 1448; x_wconf 79' lang='lat' dir='ltr'><strong>eandem</strong></span> <span class='ocrx_word' id='word_1_128' title='bbox 309 1396 385 1448; x_wconf 89' lang='lat' dir='ltr'><strong>illius</strong></span> <span class='ocrx_word' id='word_1_129' title='bbox 395 1411 458 1449; x_wconf 90' lang='lat' dir='ltr'><strong>esse</strong></span> <span class='ocrx_word' id='word_1_130' title='bbox 468 1399 523 1450; x_wconf 85' lang='lat' dir='ltr'><strong>vim</strong></span> <span class='ocrx_word' id='word_1_131' title='bbox 547 1395 658 1450; x_wconf 81' lang='lat' dir='ltr'><strong>tacffius</strong></span> <span class='ocrx_word' id='word_1_132' title='bbox 674 1403 703 1447; x_wconf 91' lang='lat' dir='ltr'><strong>et</strong></span> <span class='ocrx_word' id='word_1_133' title='bbox 712 1399 834 1463; x_wconf 86' lang='lat' dir='ltr'><strong>apertius</strong></span> <span class='ocrx_word' id='word_1_134' title='bbox 848 1411 974 1447; x_wconf 88' lang='lat' dir='ltr'><strong>cernere·</strong></span> <span class='ocrx_word' id='word_1_135' title='bbox 1053 1429 1054 1432; x_wconf 53' lang='lat'><em>=</em></span> 
     </span>
     <span class='ocr_line' id='line_1_20' title="bbox 178 1460 1054 1528; baseline 0.002 -14"><span class='ocrx_word' id='word_1_136' title='bbox 178 1465 232 1514; x_wconf 79' lang='lat' dir='ltr'><strong>tur.</strong></span> <span class='ocrx_word' id='word_1_137' title='bbox 267 1462 329 1525; x_wconf 74' lang='lat' dir='ltr'><strong>Qua</strong></span> <span class='ocrx_word' id='word_1_138' title='bbox 349 1463 379 1514; x_wconf 91' lang='lat' dir='ltr'><strong>in</strong></span> <span class='ocrx_word' id='word_1_139' title='bbox 399 1465 565 1515; x_wconf 81' lang='lat' dir='ltr'><strong>transitione</strong></span> <span class='ocrx_word' id='word_1_140' title='bbox 592 1465 826 1528; x_wconf 79' lang='lat' dir='ltr'><strong>comparationem</strong></span> <span class='ocrx_word' id='word_1_141' title='bbox 847 1460 975 1516; x_wconf 82' lang='lat' dir='ltr'><strong>adhibuit</strong></span> <span class='ocrx_word' id='word_1_142' title='bbox 1053 1477 1054 1486; x_wconf 60' lang='lat'>¹</span> 
     </span>
     <span class='ocr_line' id='line_1_21' title="bbox 179 1527 973 1597; baseline 0.003 -19"><span class='ocrx_word' id='word_1_143' title='bbox 179 1528 425 1594; x_wconf 85' lang='lat' dir='ltr'><strong>elegantissimam,</strong></span> <span class='ocrx_word' id='word_1_144' title='bbox 445 1543 515 1597; x_wconf 89' lang='lat' dir='ltr'><strong>quae</strong></span> <span class='ocrx_word' id='word_1_145' title='bbox 529 1527 572 1578; x_wconf 88' lang='lat' dir='ltr'><strong>his</strong></span> <span class='ocrx_word' id='word_1_146' title='bbox 587 1529 680 1581; x_wconf 81' lang='lat' dir='ltr'><strong>verbis</strong></span> <span class='ocrx_word' id='word_1_147' title='bbox 693 1530 830 1597; x_wconf 86' lang='lat' dir='ltr'><strong>explicata</strong></span> <span class='ocrx_word' id='word_1_148' title='bbox 844 1536 887 1580; x_wconf 91' lang='lat' dir='ltr'><strong>est</strong></span> <span class='ocrx_word' id='word_1_149' title='bbox 900 1530 973 1580; x_wconf 90' lang='lat' dir='ltr'><strong>libro</strong></span> 
     </span>
     <span class='ocr_line' id='line_1_22' title="bbox 179 1593 977 1663; baseline 0.003 -19"><span class='ocrx_word' id='word_1_150' title='bbox 179 1596 314 1660; x_wconf 80' lang='lat' dir='ltr'><strong>seeundo:</strong></span> <span class='ocrx_word' id='word_1_151' title='bbox 333 1595 363 1646; x_wconf 78' lang='lat' dir='ltr'><strong>si</strong></span> <span class='ocrx_word' id='word_1_152' title='bbox 379 1595 448 1662; x_wconf 78' lang='lat' dir='ltr'><strong>puis,</strong></span> <span class='ocrx_word' id='word_1_153' title='bbox 467 1595 569 1663; x_wconf 89' lang='lat' dir='ltr'><strong>inquit,</strong></span> <span class='ocrx_word' id='word_1_154' title='bbox 588 1595 663 1648; x_wconf 79' lang='lat' dir='ltr'><strong>nobis</strong></span> <span class='ocrx_word' id='word_1_155' title='bbox 678 1593 857 1663; x_wconf 75' lang='lat' dir='ltr'><strong>proposuisset</strong></span> <span class='ocrx_word' id='word_1_156' title='bbox 874 1595 977 1662; x_wconf 77' lang='lat' dir='ltr'><strong>aliquid</strong></span> 
     </span>
     <span class='ocr_line' id='line_1_23' title="bbox 169 1659 1053 1728; baseline 0.001 -16"><span class='ocrx_word' id='word_1_157' title='bbox 169 1659 260 1726; x_wconf 66' lang='lat' dir='ltr'><strong>louge</strong></span> <span class='ocrx_word' id='word_1_158' title='bbox 275 1661 411 1720; x_wconf 79' lang='lat' dir='ltr'><strong>intervallo</strong></span> <span class='ocrx_word' id='word_1_159' title='bbox 427 1661 576 1728; x_wconf 80' lang='lat' dir='ltr'><strong>legendum,</strong></span> <span class='ocrx_word' id='word_1_160' title='bbox 613 1664 667 1716; x_wconf 84' lang='lat' dir='ltr'><strong>uod</strong></span> <span class='ocrx_word' id='word_1_161' title='bbox 679 1661 785 1716; x_wconf 77' lang='lat' dir='ltr'><strong>mirtutt&#39;s</strong></span> <span class='ocrx_word' id='word_1_162' title='bbox 798 1661 894 1712; x_wconf 73' lang='lat' dir='ltr'><strong>litteris</strong></span> <span class='ocrx_word' id='word_1_163' title='bbox 907 1661 973 1713; x_wconf 84' lang='lat' dir='ltr'><strong>scrs&#39;-</strong></span> <span class='ocrx_word' id='word_1_164' title='bbox 1052 1707 1053 1720; x_wconf 67' lang='grc'>,</span> 
     </span>
     <span class='ocr_line' id='line_1_24' title="bbox 175 1679 974 1798; baseline -0.003 -18"><span class='ocrx_word' id='word_1_165' title='bbox 175 1734 253 1792; x_wconf 76' lang='lat' dir='ltr'><strong>pttlm</strong></span> <span class='ocrx_word' id='word_1_166' title='bbox 265 1725 358 1794; x_wconf 85' lang='lat' dir='ltr'><strong>foret,</strong></span> <span class='ocrx_word' id='word_1_167' title='bbox 378 1741 461 1798; x_wconf 79' lang='lat' dir='ltr'><strong>usque</strong></span> <span class='ocrx_word' id='word_1_168' title='bbox 482 1743 528 1780; x_wconf 85' lang='lat' dir='ltr'><strong>uos</strong></span> <span class='ocrx_word' id='word_1_169' title='bbox 546 1679 620 1782; x_wconf 55' lang='lat' dir='ltr'><strong>valde</strong></span> <span class='ocrx_word' id='word_1_170' title='bbox 639 1729 723 1782; x_wconf 77' lang='lat' dir='ltr'><strong>oculu</strong></span> <span class='ocrx_word' id='word_1_171' title='bbox 737 1736 764 1779; x_wconf 85' lang='lat' dir='ltr'><strong>et</strong></span> <span class='ocrx_word' id='word_1_172' title='bbox 776 1728 974 1796; x_wconf 77' lang='lat' dir='ltr'><strong>perspicacibus</strong></span> 
     </span>
     <span class='ocr_line' id='line_1_25' title="bbox 180 1791 975 1862; baseline 0.004 -21"><span class='ocrx_word' id='word_1_173' title='bbox 180 1795 290 1842; x_wconf 83' lang='lat' dir='ltr'><strong>essemus</strong></span> <span class='ocrx_word' id='word_1_174' title='bbox 311 1791 403 1853; x_wconf 81' lang='lat' dir='ltr'><strong>oculis,</strong></span> <span class='ocrx_word' id='word_1_175' title='bbox 424 1801 569 1862; x_wconf 81' lang='lat' dir='ltr'><strong>posteaque</strong></span> <span class='ocrx_word' id='word_1_176' title='bbox 588 1795 669 1848; x_wconf 75' lang='lat' dir='ltr'><strong>alicui</strong></span> <span class='ocrx_word' id='word_1_177' title='bbox 690 1803 808 1847; x_wconf 78' lang='lat' dir='ltr'><strong>uestrum</strong></span> <span class='ocrx_word' id='word_1_178' title='bbox 826 1794 928 1847; x_wconf 80' lang='lat' dir='ltr'><strong>veniret</strong></span> <span class='ocrx_word' id='word_1_179' title='bbox 944 1793 975 1845; x_wconf 81' lang='lat' dir='ltr'><strong>s&#39;ss</strong></span> 
     </span>
     <span class='ocr_line' id='line_1_26' title="bbox 142 1858 973 1930; baseline 0.001 -21"><span class='ocrx_word' id='word_1_180' title='bbox 142 1881 146 1890; x_wconf 24' lang='lat' dir='ltr'><strong>a</strong></span> <span class='ocrx_word' id='word_1_181' title='bbox 179 1865 303 1918; x_wconf 78' lang='lat' dir='ltr'><strong>utentem,</strong></span> <span class='ocrx_word' id='word_1_182' title='bbox 319 1858 388 1910; x_wconf 85' lang='lat' dir='ltr'><strong>idem</strong></span> <span class='ocrx_word' id='word_1_183' title='bbox 403 1859 467 1912; x_wconf 73' lang='lat' dir='ltr'><strong>atili</strong></span> <span class='ocrx_word' id='word_1_184' title='bbox 476 1871 579 1916; x_wconf 74' lang='lat' dir='ltr'><strong>exstare</strong></span> <span class='ocrx_word' id='word_1_185' title='bbox 593 1863 622 1914; x_wconf 84' lang='lat' dir='ltr'><strong>iu</strong></span> <span class='ocrx_word' id='word_1_186' title='bbox 632 1861 776 1930; x_wconf 75' lang='lat' dir='ltr'><strong>grandiori</strong></span> <span class='ocrx_word' id='word_1_187' title='bbox 788 1862 878 1912; x_wconf 77' lang='lat' dir='ltr'><strong>tabula</strong></span> <span class='ocrx_word' id='word_1_188' title='bbox 887 1875 973 1927; x_wconf 80' lang='lat' dir='ltr'><strong>grau-</strong></span> 
     </span>
     <span class='ocr_line' id='line_1_27' title="bbox 179 1923 973 2002; baseline 0.008 -30"><span class='ocrx_word' id='word_1_189' title='bbox 179 1923 297 1974; x_wconf 81' lang='lat' dir='ltr'><strong>ds&#39;oribus</strong></span> <span class='ocrx_word' id='word_1_190' title='bbox 307 1923 401 1978; x_wconf 78' lang='lat' dir='ltr'><strong>litteris</strong></span> <span class='ocrx_word' id='word_1_191' title='bbox 414 1927 552 2002; x_wconf 69' lang='lat' dir='ltr'><strong>serapium,</strong></span> <span class='ocrx_word' id='word_1_192' title='bbox 563 1945 638 1980; x_wconf 77' lang='lat' dir='ltr'><strong>uestro</strong></span> <span class='ocrx_word' id='word_1_193' title='bbox 650 1937 728 1990; x_wconf 85' lang='lat' dir='ltr'><strong>esset,</strong></span> <span class='ocrx_word' id='word_1_194' title='bbox 744 1927 807 1996; x_wconf 78' lang='lat' dir='ltr'><strong>quin</strong></span> <span class='ocrx_word' id='word_1_195' title='bbox 820 1929 892 1976; x_wconf 90' lang='lat' dir='ltr'><strong>lucro</strong></span> <span class='ocrx_word' id='word_1_196' title='bbox 909 1941 973 1992; x_wconf 85' lang='lat' dir='ltr'><strong>quo·</strong></span> 
     </span>
     <span class='ocr_line' id='line_1_28' title="bbox 180 1989 975 2074; baseline 0.004 -34"><span class='ocrx_word' id='word_1_197' title='bbox 180 1989 317 2042; x_wconf 71' lang='lat' dir='ltr'><strong>decantado</strong></span> <span class='ocrx_word' id='word_1_198' title='bbox 334 2004 489 2062; x_wconf 82' lang='lat' dir='ltr'><strong>apponeret,</strong></span> <span class='ocrx_word' id='word_1_199' title='bbox 504 1995 576 2050; x_wconf 74' lang='lat' dir='ltr'><strong>tilam</strong></span> <span class='ocrx_word' id='word_1_200' title='bbox 581 1995 658 2064; x_wconf 78' lang='lat' dir='ltr'><strong>prius</strong></span> <span class='ocrx_word' id='word_1_201' title='bbox 670 1993 843 2074; x_wconf 63' lang='lat' dir='ltr'><strong>grandiorem</strong></span> <span class='ocrx_word' id='word_1_202' title='bbox 856 1992 975 2043; x_wconf 80' lang='lat' dir='ltr'><strong>tabulam</strong></span> 
     </span>
     <span class='ocr_line' id='line_1_29' title="bbox 179 2053 972 2139; baseline 0.006 -36"><span class='ocrx_word' id='word_1_203' title='bbox 179 2053 321 2122; x_wconf 68' lang='lat' dir='ltr'><strong>inspicere,</strong></span> <span class='ocrx_word' id='word_1_204' title='bbox 341 2067 486 2126; x_wconf 85' lang='lat' dir='ltr'><strong>utpostea,</strong></span> <span class='ocrx_word' id='word_1_205' title='bbox 507 2062 620 2139; x_wconf 79' lang='lat' dir='ltr'><strong>quaein</strong></span> <span class='ocrx_word' id='word_1_206' title='bbox 638 2076 740 2110; x_wconf 85' lang='lat' dir='ltr'><strong>msuore</strong></span> <span class='ocrx_word' id='word_1_207' title='bbox 758 2056 858 2122; x_wconf 75' lang='lat' dir='ltr'><strong>serapte</strong></span> <span class='ocrx_word' id='word_1_208' title='bbox 877 2067 972 2120; x_wconf 81' lang='lat' dir='ltr'><strong>essent,</strong></span> 
     </span>
     <span class='ocr_line' id='line_1_30' title="bbox 178 2119 974 2198; baseline 0.006 -26"><span class='ocrx_word' id='word_1_209' title='bbox 178 2119 270 2172; x_wconf 80' lang='lat' dir='ltr'><strong>t‘s&#39;sdem</strong></span> <span class='ocrx_word' id='word_1_210' title='bbox 307 2125 424 2182; x_wconf 72' lang='lat' dir='ltr'><strong>vestitis</strong></span> <span class='ocrx_word' id='word_1_211' title='bbox 452 2127 567 2198; x_wconf 69' lang='lat' dir='ltr'><strong>facetius</strong></span> <span class='ocrx_word' id='word_1_212' title='bbox 615 2124 719 2190; x_wconf 87' lang='lat' dir='ltr'><strong>ersequs&#39;</strong></span> <span class='ocrx_word' id='word_1_213' title='bbox 744 2129 843 2187; x_wconf 82' lang='lat' dir='ltr'><strong>posset.</strong></span> <span class='ocrx_word' id='word_1_214' title='bbox 888 2125 974 2178; x_wconf 79' lang='lat' dir='ltr'><strong>Addit</strong></span> 
     </span>
     <span class='ocr_line' id='line_1_31' title="bbox 180 2187 974 2252; baseline -0.003 -9"><span class='ocrx_word' id='word_1_215' title='bbox 180 2187 292 2252; x_wconf 78' lang='lat' dir='ltr'><strong>deinde,</strong></span> <span class='ocrx_word' id='word_1_216' title='bbox 313 2206 363 2246; x_wconf 85' lang='lat' dir='ltr'><strong>ean</strong></span> <span class='ocrx_word' id='word_1_217' title='bbox 384 2209 427 2245; x_wconf 85' lang='lat' dir='ltr'><strong>enr</strong></span> <span class='ocrx_word' id='word_1_218' title='bbox 445 2199 508 2246; x_wconf 84' lang='lat' dir='ltr'><strong>&#39;esse</strong></span> <span class='ocrx_word' id='word_1_219' title='bbox 529 2201 557 2244; x_wconf 94' lang='lat' dir='ltr'><strong>et</strong></span> <span class='ocrx_word' id='word_1_220' title='bbox 575 2192 583 2206; x_wconf 85' lang='lat'>&#39;</span> <span class='ocrx_word' id='word_1_221' title='bbox 604 2205 648 2242; x_wconf 85' lang='lat' dir='ltr'><strong>em</strong></span> <span class='ocrx_word' id='word_1_222' title='bbox 666 2189 774 2239; x_wconf 86' lang='lat' dir='ltr'><strong>efficere</strong></span> <span class='ocrx_word' id='word_1_223' title='bbox 793 2187 926 2238; x_wconf 82' lang='lat' dir='ltr'><strong>iustitium</strong></span> <span class='ocrx_word' id='word_1_224' title='bbox 942 2191 974 2242; x_wconf 87' lang='lat' dir='ltr'><strong>in</strong></span> 
     </span>
     <span class='ocr_line' id='line_1_32' title="bbox 179 2253 973 2316; baseline 0.004 -12"><span class='ocrx_word' id='word_1_225' title='bbox 179 2257 360 2310; x_wconf 85' lang='lat' dir='ltr'><strong>totocivitate</strong></span> <span class='ocrx_word' id='word_1_226' title='bbox 372 2263 438 2310; x_wconf 87' lang='lat' dir='ltr'><strong>etin</strong></span> <span class='ocrx_word' id='word_1_227' title='bbox 448 2273 502 2310; x_wconf 90' lang='lat' dir='ltr'><strong>uno</strong></span> <span class='ocrx_word' id='word_1_228' title='bbox 517 2256 640 2316; x_wconf 82' lang='lat' dir='ltr'><strong>homine,</strong></span> <span class='ocrx_word' id='word_1_229' title='bbox 654 2253 704 2304; x_wconf 86' lang='lat' dir='ltr'><strong>sed</strong></span> <span class='ocrx_word' id='word_1_230' title='bbox 713 2255 766 2303; x_wconf 84' lang='lat' dir='ltr'><strong>vim</strong></span> <span class='ocrx_word' id='word_1_231' title='bbox 780 2253 856 2304; x_wconf 90' lang='lat' dir='ltr'><strong>illius</strong></span> <span class='ocrx_word' id='word_1_232' title='bbox 866 2255 893 2304; x_wconf 91' lang='lat' dir='ltr'><strong>in</strong></span> <span class='ocrx_word' id='word_1_233' title='bbox 906 2257 973 2308; x_wconf 88' lang='lat' dir='ltr'><strong>civi-</strong></span> 
     </span>
     <span class='ocr_line' id='line_1_33' title="bbox 179 2317 971 2403; baseline 0 -31"><span class='ocrx_word' id='word_1_234' title='bbox 179 2327 246 2384; x_wconf 84' lang='lat' dir='ltr'><strong>tete,</strong></span> <span class='ocrx_word' id='word_1_235' title='bbox 258 2339 327 2403; x_wconf 84' lang='lat' dir='ltr'><strong>quae</strong></span> <span class='ocrx_word' id='word_1_236' title='bbox 338 2329 425 2380; x_wconf 81' lang='lat' dir='ltr'><strong>maior·</strong></span> <span class='ocrx_word' id='word_1_237' title='bbox 433 2321 604 2390; x_wconf 72' lang='lat' dir='ltr'><strong>ampliorque</strong></span> <span class='ocrx_word' id='word_1_238' title='bbox 615 2319 664 2380; x_wconf 87' lang='lat' dir='ltr'><strong>sit,</strong></span> <span class='ocrx_word' id='word_1_239' title='bbox 676 2326 703 2372; x_wconf 84' lang='lat' dir='ltr'><strong>et</strong></span> <span class='ocrx_word' id='word_1_240' title='bbox 712 2317 822 2372; x_wconf 81' lang='lat' dir='ltr'><strong>facilius</strong></span> <span class='ocrx_word' id='word_1_241' title='bbox 832 2327 861 2370; x_wconf 86' lang='lat' dir='ltr'><strong>et</strong></span> <span class='ocrx_word' id='word_1_242' title='bbox 870 2320 971 2372; x_wconf 84' lang='lat' dir='ltr'><strong>clarius</strong></span> 
     </span>
     <span class='ocr_line' id='line_1_34' title="bbox 178 2385 973 2458; baseline 0.005 -22"><span class='ocrx_word' id='word_1_243' title='bbox 178 2393 300 2456; x_wconf 76' lang='lat' dir='ltr'><strong>perspici</strong></span> <span class='ocrx_word' id='word_1_244' title='bbox 326 2405 418 2456; x_wconf 84' lang='lat' dir='ltr'><strong>posse.</strong></span> <span class='ocrx_word' id='word_1_245' title='bbox 454 2385 536 2454; x_wconf 68' lang='lat' dir='ltr'><strong>erod</strong></span> <span class='ocrx_word' id='word_1_246' title='bbox 550 2387 579 2458; x_wconf 73' lang='lat' dir='ltr'><strong>si</strong></span> <span class='ocrx_word' id='word_1_247' title='bbox 601 2385 750 2454; x_wconf 76' lang='lat' dir='ltr'><strong>disputatio</strong></span> <span class='ocrx_word' id='word_1_248' title='bbox 772 2387 806 2438; x_wconf 86' lang='lat' dir='ltr'><strong>de</strong></span> <span class='ocrx_word' id='word_1_249' title='bbox 829 2389 973 2454; x_wconf 76' lang='lat' dir='ltr'><strong>republica</strong></span> 
     </span>
     <span class='ocr_line' id='line_1_35' title="bbox 179 2450 970 2521; baseline 0.003 -19"><span class='ocrx_word' id='word_1_250' title='bbox 179 2453 215 2504; x_wconf 87' lang='lat' dir='ltr'><strong>ad</strong></span> <span class='ocrx_word' id='word_1_251' title='bbox 224 2455 413 2506; x_wconf 86' lang='lat' dir='ltr'><strong>illustrandum</strong></span> <span class='ocrx_word' id='word_1_252' title='bbox 428 2453 550 2504; x_wconf 86' lang='lat' dir='ltr'><strong>iustitiae</strong></span> <span class='ocrx_word' id='word_1_253' title='bbox 564 2457 688 2504; x_wconf 73' lang='lat' dir='ltr'><strong>araturam</strong></span> <span class='ocrx_word' id='word_1_254' title='bbox 702 2450 827 2521; x_wconf 82' lang='lat' dir='ltr'><strong>quaesita</strong></span> <span class='ocrx_word' id='word_1_255' title='bbox 837 2463 891 2517; x_wconf 91' lang='lat' dir='ltr'><strong>est,</strong></span> <span class='ocrx_word' id='word_1_256' title='bbox 906 2469 970 2505; x_wconf 90' lang='lat' dir='ltr'><strong>con·</strong></span> 
     </span>
    </p>
   </div>
   <div class='ocr_carea' id='block_1_3' title="bbox 158 2518 1046 2724">
    <p class='ocr_par' dir='ltr' id='par_1_5' title="bbox 158 2518 1046 2724">
     <span class='ocr_line' id='line_1_36' title="bbox 158 2518 1042 2617; baseline 0.02 -48"><span class='ocrx_word' id='word_1_257' title='bbox 158 2553 159 2556; x_wconf 17' lang='grc' dir='ltr'>η</span> <span class='ocrx_word' id='word_1_258' title='bbox 180 2529 244 2582; x_wconf 83' lang='lat' dir='ltr'><strong>stat,</strong></span> <span class='ocrx_word' id='word_1_259' title='bbox 265 2521 335 2570; x_wconf 76' lang='lat' dir='ltr'><strong>harre</strong></span> <span class='ocrx_word' id='word_1_260' title='bbox 351 2518 461 2598; x_wconf 76' lang='lat' dir='ltr'><strong>quidem</strong></span> <span class='ocrx_word' id='word_1_261' title='bbox 474 2533 537 2573; x_wconf 84' lang='lat' dir='ltr'><strong>esse</strong></span> <span class='ocrx_word' id='word_1_262' title='bbox 552 2520 703 2600; x_wconf 66' lang='lat' dir='ltr'><strong>ptincipem</strong></span> <span class='ocrx_word' id='word_1_263' title='bbox 717 2530 746 2573; x_wconf 86' lang='lat' dir='ltr'><strong>et</strong></span> <span class='ocrx_word' id='word_1_264' title='bbox 762 2523 971 2605; x_wconf 52' lang='grc' dir='ltr'><strong>προηγουμένην(</strong></span> <span class='ocrx_word' id='word_1_265' title='bbox 1034 2524 1042 2617; x_wconf 57' lang='lat' dir='ltr'><strong>l</strong></span> 
     </span>
     <span class='ocr_line' id='line_1_37' title="bbox 179 2584 1046 2724; baseline 0.016 -28"><span class='ocrx_word' id='word_1_266' title='bbox 179 2584 971 2724; x_wconf 44' lang='lat' dir='ltr'><strong>wbfiffqblqbeifflmb’osttd&#39;mblrtdmidetelgbzgcaftoibmibsffl</strong></span> <span class='ocrx_word' id='word_1_267' title='bbox 1039 2624 1046 2713; x_wconf 65' lang='lat' dir='ltr'>l</span> 
     </span>
    </p>
   </div>
   <div class='ocr_carea' id='block_1_4' title="bbox 0 0 1064 3018">
    <p class='ocr_par' dir='ltr' id='par_1_6' title="bbox 0 0 1064 3018">
     <span class='ocr_line' id='line_1_38' title="bbox 0 0 1064 3018; baseline 0 0"><span class='ocrx_word' id='word_1_268' title='bbox 0 0 1064 3018; x_wconf 95' lang='lat' dir='ltr'><strong> </strong></span> 
     </span>
    </p>
   </div>
  </div>
 </body>
</html>
