<?xml version="1.0" encoding="UTF-8"?>
<!DOCTYPE html PUBLIC "-//W3C//DTD XHTML 1.0 Transitional//EN"
    "http://www.w3.org/TR/xhtml1/DTD/xhtml1-transitional.dtd">
<html xmlns="http://www.w3.org/1999/xhtml" xml:lang="en" lang="en">
 <head>
  <title>
</title>
<meta http-equiv="Content-Type" content="text/html;charset=utf-8" />
  <meta name='ocr-system' content='tesseract 3.04.00' />
  <meta name='ocr-capabilities' content='ocr_page ocr_carea ocr_par ocr_line ocrx_word'/>
</head>
<body>
  <div class='ocr_page' id='page_1' title='image "./mantoniimuretie01muregoog_0078.png"; bbox 0 0 2120 3018; ppageno 0'>
   <div class='ocr_carea' id='block_1_1' title="bbox 2 1980 801 2062">
    <p class='ocr_par' dir='ltr' id='par_1_1' title="bbox 2 1980 801 2062">
     <span class='ocr_line' id='line_1_1' title="bbox 2 1980 801 2062; baseline 0.006 -31"><span class='ocrx_word' id='word_1_1' title='bbox 2 2052 9 2062; x_wconf 86' lang='lat'><em>.</em></span> <span class='ocrx_word' id='word_1_2' title='bbox 109 1996 231 2046; x_wconf 80' lang='lat' dir='ltr'><strong>sueram,</strong></span> <span class='ocrx_word' id='word_1_3' title='bbox 242 1980 296 2038; x_wconf 85' lang='lat' dir='ltr'><strong>boc</strong></span> <span class='ocrx_word' id='word_1_4' title='bbox 304 1990 359 2047; x_wconf 86' lang='lat' dir='ltr'><strong>est,</strong></span> <span class='ocrx_word' id='word_1_5' title='bbox 370 1985 405 2036; x_wconf 87' lang='lat' dir='ltr'><strong>de</strong></span> <span class='ocrx_word' id='word_1_6' title='bbox 417 1984 550 2047; x_wconf 87' lang='lat' dir='ltr'><strong>utilitate,</strong></span> <span class='ocrx_word' id='word_1_7' title='bbox 561 1997 630 2050; x_wconf 84' lang='lat' dir='ltr'><strong>quae</strong></span> <span class='ocrx_word' id='word_1_8' title='bbox 642 1989 801 2038; x_wconf 70' lang='lat' dir='ltr'><strong>accuratam</strong></span> 
     </span>
    </p>
   </div>
   <div class='ocr_carea' id='block_1_2' title="bbox 297 109 906 200">
    <p class='ocr_par' dir='ltr' id='par_1_2' title="bbox 297 109 906 200">
     <span class='ocr_line' id='line_1_2' title="bbox 297 109 906 200; baseline -0.002 1"><span class='ocrx_word' id='word_1_9' title='bbox 297 109 300 116; x_wconf 59' lang='grc'><strong>’</strong></span> <span class='ocrx_word' id='word_1_10' title='bbox 393 145 544 200; x_wconf 79' lang='lat' dir='ltr'><strong>oarrro</strong></span> <span class='ocrx_word' id='word_1_11' title='bbox 562 144 629 200; x_wconf 87' lang='lat' dir='ltr'><strong>vn.</strong></span> <span class='ocrx_word' id='word_1_12' title='bbox 873 146 906 200; x_wconf 81' lang='lat' dir='ltr'><strong>cr</strong></span> 
     </span>
    </p>
   </div>
   <div class='ocr_carea' id='block_1_3' title="bbox 40 237 1010 2038">
    <p class='ocr_par' dir='ltr' id='par_1_3' title="bbox 40 237 1010 2038">
     <span class='ocr_line' id='line_1_3' title="bbox 108 237 905 315; baseline -0.005 -9"><span class='ocrx_word' id='word_1_13' title='bbox 108 266 166 312; x_wconf 86' lang='lat' dir='ltr'><strong>ras,</strong></span> <span class='ocrx_word' id='word_1_14' title='bbox 180 248 259 302; x_wconf 81' lang='lat' dir='ltr'><strong>licus</strong></span> <span class='ocrx_word' id='word_1_15' title='bbox 273 237 450 302; x_wconf 73' lang='lat' dir='ltr'><strong>immortalis!</strong></span> <span class='ocrx_word' id='word_1_16' title='bbox 469 250 585 315; x_wconf 82' lang='lat' dir='ltr'><strong>egregia</strong></span> <span class='ocrx_word' id='word_1_17' title='bbox 597 248 668 302; x_wconf 73' lang='lat' dir='ltr'><strong>etdl</strong></span> <span class='ocrx_word' id='word_1_18' title='bbox 706 263 742 312; x_wconf 69' lang='lat' dir='ltr'><strong>a,</strong></span> <span class='ocrx_word' id='word_1_19' title='bbox 756 263 905 315; x_wconf 82' lang='lat' dir='ltr'><strong>quamros,</strong></span> 
     </span>
     <span class='ocr_line' id='line_1_4' title="bbox 40 315 907 386; baseline -0.001 -18"><span class='ocrx_word' id='word_1_20' title='bbox 40 343 42 350; x_wconf 45' lang='lat' dir='ltr'>v</span> <span class='ocrx_word' id='word_1_21' title='bbox 107 319 209 386; x_wconf 90' lang='lat' dir='ltr'><strong>quibus</strong></span> <span class='ocrx_word' id='word_1_22' title='bbox 228 317 339 384; x_wconf 82' lang='lat' dir='ltr'>integer</span> <span class='ocrx_word' id='word_1_23' title='bbox 360 315 420 366; x_wconf 87' lang='lat' dir='ltr'><strong>aevi</strong></span> <span class='ocrx_word' id='word_1_24' title='bbox 440 316 600 384; x_wconf 82' lang='lat' dir='ltr'><strong>sanguis*),</strong></span> <span class='ocrx_word' id='word_1_25' title='bbox 627 315 673 382; x_wconf 89' lang='lat' dir='ltr'><strong>qui</strong></span> <span class='ocrx_word' id='word_1_26' title='bbox 696 332 726 366; x_wconf 88' lang='lat' dir='ltr'><strong>us</strong></span> <span class='ocrx_word' id='word_1_27' title='bbox 748 316 840 366; x_wconf 85' lang='lat' dir='ltr'><strong>virent</strong></span> <span class='ocrx_word' id='word_1_28' title='bbox 861 331 907 382; x_wconf 86' lang='lat' dir='ltr'><strong>ge·</strong></span> 
     </span>
     <span class='ocr_line' id='line_1_5' title="bbox 106 382 906 448; baseline -0.005 -13"><span class='ocrx_word' id='word_1_29' title='bbox 106 385 227 448; x_wconf 85' lang='lat' dir='ltr'><strong>nua**)‚</strong></span> <span class='ocrx_word' id='word_1_30' title='bbox 261 385 334 434; x_wconf 92' lang='lat' dir='ltr'><strong>omni</strong></span> <span class='ocrx_word' id='word_1_31' title='bbox 362 382 454 433; x_wconf 90' lang='lat' dir='ltr'><strong>studio</strong></span> <span class='ocrx_word' id='word_1_32' title='bbox 483 397 516 432; x_wconf 92' lang='lat' dir='ltr'><strong>ac</strong></span> <span class='ocrx_word' id='word_1_33' title='bbox 545 384 725 433; x_wconf 75' lang='lat' dir='ltr'><strong>contentione</strong></span> <span class='ocrx_word' id='word_1_34' title='bbox 755 383 906 434; x_wconf 77' lang='lat' dir='ltr'><strong>sectemini.</strong></span> 
     </span>
     <span class='ocr_line' id='line_1_6' title="bbox 108 444 906 516; baseline -0.003 -16"><span class='ocrx_word' id='word_1_35' title='bbox 108 449 182 512; x_wconf 75' lang='lat' dir='ltr'><strong>Quid</strong></span> <span class='ocrx_word' id='word_1_36' title='bbox 204 449 277 500; x_wconf 90' lang='lat' dir='ltr'><strong>enim</strong></span> <span class='ocrx_word' id='word_1_37' title='bbox 295 444 343 500; x_wconf 83' lang='lat' dir='ltr'><strong>aut</strong></span> <span class='ocrx_word' id='word_1_38' title='bbox 364 448 517 516; x_wconf 78' lang='lat' dir='ltr'><strong>gloriosius</strong></span> <span class='ocrx_word' id='word_1_39' title='bbox 538 453 586 500; x_wconf 87' lang='lat' dir='ltr'><strong>aut</strong></span> <span class='ocrx_word' id='word_1_40' title='bbox 606 449 702 500; x_wconf 89' lang='lat' dir='ltr'><strong>utilius</strong></span> <span class='ocrx_word' id='word_1_41' title='bbox 721 455 769 498; x_wconf 92' lang='lat' dir='ltr'><strong>aut</strong></span> <span class='ocrx_word' id='word_1_42' title='bbox 788 448 906 514; x_wconf 88' lang='lat' dir='ltr'><strong>denique</strong></span> 
     </span>
     <span class='ocr_line' id='line_1_7' title="bbox 107 515 930 583; baseline -0.002 -15"><span class='ocrx_word' id='word_1_43' title='bbox 107 515 275 583; x_wconf 81' lang='lat' dir='ltr'><strong>optabilius,</strong></span> <span class='ocrx_word' id='word_1_44' title='bbox 290 531 370 583; x_wconf 92' lang='lat' dir='ltr'><strong>quam</strong></span> <span class='ocrx_word' id='word_1_45' title='bbox 383 529 501 582; x_wconf 88' lang='lat' dir='ltr'><strong>regnare</strong></span> <span class='ocrx_word' id='word_1_46' title='bbox 513 515 717 582; x_wconf 85' lang='lat' dir='ltr'><strong>quodammodo</strong></span> <span class='ocrx_word' id='word_1_47' title='bbox 727 530 760 566; x_wconf 93' lang='lat' dir='ltr'><strong>ac</strong></span> <span class='ocrx_word' id='word_1_48' title='bbox 771 515 909 566; x_wconf 86' lang='lat' dir='ltr'><strong>dominari</strong></span> <span class='ocrx_word' id='word_1_49' title='bbox 928 541 930 548; x_wconf 43' lang='grc' dir='ltr'><strong><em>ι</em></strong></span> 
     </span>
     <span class='ocr_line' id='line_1_8' title="bbox 105 580 907 648; baseline -0.002 -14"><span class='ocrx_word' id='word_1_50' title='bbox 105 585 136 634; x_wconf 90' lang='lat' dir='ltr'><strong>in</strong></span> <span class='ocrx_word' id='word_1_51' title='bbox 146 583 264 635; x_wconf 86' lang='lat' dir='ltr'><strong>aliorum</strong></span> <span class='ocrx_word' id='word_1_52' title='bbox 274 582 386 644; x_wconf 89' lang='lat' dir='ltr'><strong>animis,</strong></span> <span class='ocrx_word' id='word_1_53' title='bbox 398 581 515 634; x_wconf 81' lang='lat' dir='ltr'><strong>flectere</strong></span> <span class='ocrx_word' id='word_1_54' title='bbox 527 595 576 631; x_wconf 92' lang='lat' dir='ltr'><strong>eos</strong></span> <span class='ocrx_word' id='word_1_55' title='bbox 586 581 698 648; x_wconf 76' lang='lat' dir='ltr'><strong>linguae</strong></span> <span class='ocrx_word' id='word_1_56' title='bbox 709 580 907 648; x_wconf 87' lang='lat' dir='ltr'><strong>gubernaculo,</strong></span> 
     </span>
     <span class='ocr_line' id='line_1_9' title="bbox 106 649 1010 718; baseline -0.002 -18"><span class='ocrx_word' id='word_1_57' title='bbox 106 649 255 718; x_wconf 86' lang='lat' dir='ltr'><strong>quorelis,</strong></span> <span class='ocrx_word' id='word_1_58' title='bbox 270 649 374 716; x_wconf 90' lang='lat' dir='ltr'><strong>etquid</strong></span> <span class='ocrx_word' id='word_1_59' title='bbox 388 649 517 716; x_wconf 81' lang='lat' dir='ltr'><strong>probent,</strong></span> <span class='ocrx_word' id='word_1_60' title='bbox 534 649 600 716; x_wconf 92' lang='lat' dir='ltr'><strong>quid</strong></span> <span class='ocrx_word' id='word_1_61' title='bbox 610 649 750 714; x_wconf 83' lang='lat' dir='ltr'><strong>reiiciant,</strong></span> <span class='ocrx_word' id='word_1_62' title='bbox 766 650 846 715; x_wconf 86' lang='lat' dir='ltr'><strong>quasi</strong></span> <span class='ocrx_word' id='word_1_63' title='bbox 855 661 906 714; x_wconf 91' lang='lat' dir='ltr'><strong>pro</strong></span> <span class='ocrx_word' id='word_1_64' title='bbox 1005 695 1010 716; x_wconf 35' lang='grc' dir='ltr'>ι</span> 
     </span>
     <span class='ocr_line' id='line_1_10' title="bbox 105 715 907 782; baseline -0.001 -15"><span class='ocrx_word' id='word_1_65' title='bbox 105 717 225 782; x_wconf 87' lang='lat' dir='ltr'><strong>imperio</strong></span> <span class='ocrx_word' id='word_1_66' title='bbox 241 730 274 766; x_wconf 87' lang='lat' dir='ltr'><strong>ac</strong></span> <span class='ocrx_word' id='word_1_67' title='bbox 286 721 427 781; x_wconf 79' lang='lat' dir='ltr'><strong>potestate</strong></span> <span class='ocrx_word' id='word_1_68' title='bbox 440 715 645 781; x_wconf 72' lang='lat' dir='ltr'><strong>praescriberet</strong></span> <span class='ocrx_word' id='word_1_69' title='bbox 663 715 759 782; x_wconf 85' lang='lat' dir='ltr'><strong>Neque</strong></span> <span class='ocrx_word' id='word_1_70' title='bbox 773 730 840 767; x_wconf 79' lang='lat' dir='ltr'><strong>vero</strong></span> <span class='ocrx_word' id='word_1_71' title='bbox 854 722 907 776; x_wconf 84' lang='lat' dir='ltr'><strong>est,</strong></span> 
     </span>
     <span class='ocr_line' id='line_1_11' title="bbox 105 781 907 850; baseline -0.001 -17"><span class='ocrx_word' id='word_1_72' title='bbox 105 783 182 850; x_wconf 88' lang='lat' dir='ltr'><strong>quod</strong></span> <span class='ocrx_word' id='word_1_73' title='bbox 197 783 361 844; x_wconf 80' lang='lat' dir='ltr'><strong>vereamini,</strong></span> <span class='ocrx_word' id='word_1_74' title='bbox 375 796 410 832; x_wconf 89' lang='lat' dir='ltr'><strong>ne</strong></span> <span class='ocrx_word' id='word_1_75' title='bbox 423 781 503 832; x_wconf 85' lang='lat' dir='ltr'><strong>robis</strong></span> <span class='ocrx_word' id='word_1_76' title='bbox 517 781 597 842; x_wconf 81' lang='lat' dir='ltr'><strong>fucus</strong></span> <span class='ocrx_word' id='word_1_77' title='bbox 611 783 660 833; x_wconf 86' lang='lat' dir='ltr'><strong>liat</strong></span> <span class='ocrx_word' id='word_1_78' title='bbox 669 783 743 846; x_wconf 57' lang='lat' dir='ltr'><strong>w),</strong></span> <span class='ocrx_word' id='word_1_79' title='bbox 762 797 817 832; x_wconf 88' lang='lat' dir='ltr'><strong>neu</strong></span> <span class='ocrx_word' id='word_1_80' title='bbox 829 795 907 848; x_wconf 88' lang='lat' dir='ltr'><strong>prae·</strong></span> 
     </span>
     <span class='ocr_line' id='line_1_12' title="bbox 106 847 953 914; baseline -0.002 -12"><span class='ocrx_word' id='word_1_81' title='bbox 106 850 184 902; x_wconf 89' lang='lat' dir='ltr'><strong>clara</strong></span> <span class='ocrx_word' id='word_1_82' title='bbox 216 849 351 914; x_wconf 86' lang='lat' dir='ltr'><strong>quaedam</strong></span> <span class='ocrx_word' id='word_1_83' title='bbox 372 856 401 899; x_wconf 88' lang='lat' dir='ltr'><strong>et</strong></span> <span class='ocrx_word' id='word_1_84' title='bbox 433 849 536 900; x_wconf 85' lang='lat' dir='ltr'><strong>eximia</strong></span> <span class='ocrx_word' id='word_1_85' title='bbox 566 847 701 914; x_wconf 81' lang='lat' dir='ltr'><strong>professi,</strong></span> <span class='ocrx_word' id='word_1_86' title='bbox 734 847 804 900; x_wconf 89' lang='lat' dir='ltr'><strong>nibil</strong></span> <span class='ocrx_word' id='word_1_87' title='bbox 832 855 908 914; x_wconf 86' lang='lat' dir='ltr'><strong>post·</strong></span> <span class='ocrx_word' id='word_1_88' title='bbox 949 881 953 885; x_wconf 81' lang='grc'><strong>-</strong></span> 
     </span>
     <span class='ocr_line' id='line_1_13' title="bbox 106 915 907 982; baseline -0.002 -14"><span class='ocrx_word' id='word_1_89' title='bbox 106 933 154 980; x_wconf 87' lang='lat' dir='ltr'><strong>ca,</strong></span> <span class='ocrx_word' id='word_1_90' title='bbox 177 915 252 982; x_wconf 90' lang='lat' dir='ltr'><strong>quod</strong></span> <span class='ocrx_word' id='word_1_91' title='bbox 272 921 320 965; x_wconf 91' lang='lat' dir='ltr'><strong>aut</strong></span> <span class='ocrx_word' id='word_1_92' title='bbox 341 915 544 981; x_wconf 79' lang='lat' dir='ltr'><strong>exspectationi</strong></span> <span class='ocrx_word' id='word_1_93' title='bbox 562 921 673 966; x_wconf 86' lang='lat' dir='ltr'><strong>vestrae</strong></span> <span class='ocrx_word' id='word_1_94' title='bbox 695 921 743 966; x_wconf 88' lang='lat' dir='ltr'><strong>aut</strong></span> <span class='ocrx_word' id='word_1_95' title='bbox 768 915 907 981; x_wconf 84' lang='lat' dir='ltr'><strong>pollicita·</strong></span> 
     </span>
     <span class='ocr_line' id='line_1_14' title="bbox 105 980 908 1048; baseline -0.001 -13"><span class='ocrx_word' id='word_1_96' title='bbox 105 983 230 1036; x_wconf 89' lang='lat' dir='ltr'><strong>tionibus</strong></span> <span class='ocrx_word' id='word_1_97' title='bbox 241 981 345 1034; x_wconf 84' lang='lat' dir='ltr'><strong>nostris</strong></span> <span class='ocrx_word' id='word_1_98' title='bbox 359 981 540 1047; x_wconf 85' lang='lat' dir='ltr'><strong>respondeat,</strong></span> <span class='ocrx_word' id='word_1_99' title='bbox 554 980 737 1048; x_wconf 79' lang='lat' dir='ltr'><strong>proferamus.</strong></span> <span class='ocrx_word' id='word_1_100' title='bbox 772 983 908 1034; x_wconf 79' lang='lat' dir='ltr'><strong>Aristote-</strong></span> 
     </span>
     <span class='ocr_line' id='line_1_15' title="bbox 105 1049 908 1128; baseline -0.002 -26"><span class='ocrx_word' id='word_1_101' title='bbox 105 1049 148 1102; x_wconf 88' lang='lat' dir='ltr'><strong>les</strong></span> <span class='ocrx_word' id='word_1_102' title='bbox 159 1056 215 1111; x_wconf 87' lang='lat' dir='ltr'><strong>est,</strong></span> <span class='ocrx_word' id='word_1_103' title='bbox 230 1063 311 1116; x_wconf 91' lang='lat' dir='ltr'><strong>quem</strong></span> <span class='ocrx_word' id='word_1_104' title='bbox 323 1051 476 1116; x_wconf 86' lang='lat' dir='ltr'><strong>sequimur,</strong></span> <span class='ocrx_word' id='word_1_105' title='bbox 490 1064 546 1101; x_wconf 92' lang='lat' dir='ltr'><strong>non</strong></span> <span class='ocrx_word' id='word_1_106' title='bbox 557 1054 714 1101; x_wconf 89' lang='lat' dir='ltr'><strong>ostentator</strong></span> <span class='ocrx_word' id='word_1_107' title='bbox 724 1049 838 1128; x_wconf 87' lang='lat' dir='ltr'><strong>aliquis,</strong></span> <span class='ocrx_word' id='word_1_108' title='bbox 851 1063 908 1100; x_wconf 84' lang='lat' dir='ltr'><strong>non</strong></span> 
     </span>
     <span class='ocr_line' id='line_1_16' title="bbox 107 1115 907 1183; baseline -0.005 -13"><span class='ocrx_word' id='word_1_109' title='bbox 107 1132 178 1170; x_wconf 88' lang='lat' dir='ltr'><strong>unus</strong></span> <span class='ocrx_word' id='word_1_110' title='bbox 193 1130 228 1166; x_wconf 88' lang='lat' dir='ltr'><strong>ex</strong></span> <span class='ocrx_word' id='word_1_111' title='bbox 238 1116 302 1166; x_wconf 90' lang='lat' dir='ltr'><strong>istis</strong></span> <span class='ocrx_word' id='word_1_112' title='bbox 317 1115 546 1179; x_wconf 88' lang='lat' dir='ltr'><strong>diobolaribus†)</strong></span> <span class='ocrx_word' id='word_1_113' title='bbox 560 1115 715 1183; x_wconf 84' lang='lat' dir='ltr'><strong>magistris,</strong></span> <span class='ocrx_word' id='word_1_114' title='bbox 731 1131 779 1182; x_wconf 86' lang='lat' dir='ltr'><strong>qur</strong></span> <span class='ocrx_word' id='word_1_115' title='bbox 792 1129 854 1168; x_wconf 91' lang='lat' dir='ltr'><strong>cum</strong></span> <span class='ocrx_word' id='word_1_116' title='bbox 867 1115 907 1166; x_wconf 91' lang='lat' dir='ltr'><strong>in·</strong></span> 
     </span>
     <span class='ocr_line' id='line_1_17' title="bbox 108 1180 906 1250; baseline -0.005 -16"><span class='ocrx_word' id='word_1_117' title='bbox 108 1189 173 1250; x_wconf 86' lang='lat' dir='ltr'><strong>epta</strong></span> <span class='ocrx_word' id='word_1_118' title='bbox 191 1183 326 1248; x_wconf 87' lang='lat' dir='ltr'><strong>quaedam</strong></span> <span class='ocrx_word' id='word_1_119' title='bbox 345 1187 373 1232; x_wconf 91' lang='lat' dir='ltr'><strong>et</strong></span> <span class='ocrx_word' id='word_1_120' title='bbox 393 1183 511 1248; x_wconf 84' lang='lat' dir='ltr'><strong>puerilia</strong></span> <span class='ocrx_word' id='word_1_121' title='bbox 530 1189 559 1232; x_wconf 90' lang='lat' dir='ltr'><strong>ct</strong></span> <span class='ocrx_word' id='word_1_122' title='bbox 572 1183 608 1234; x_wconf 88' lang='lat' dir='ltr'><strong>ad</strong></span> <span class='ocrx_word' id='word_1_123' title='bbox 626 1180 810 1234; x_wconf 86' lang='lat' dir='ltr'><strong>scholasticas</strong></span> <span class='ocrx_word' id='word_1_124' title='bbox 823 1182 906 1234; x_wconf 90' lang='lat' dir='ltr'><strong>modo</strong></span> 
     </span>
     <span class='ocr_line' id='line_1_18' title="bbox 109 1246 910 1312; baseline 0 -12"><span class='ocrx_word' id='word_1_125' title='bbox 109 1249 334 1302; x_wconf 84' lang='lat' dir='ltr'><strong>concertationes</strong></span> <span class='ocrx_word' id='word_1_126' title='bbox 353 1249 434 1300; x_wconf 87' lang='lat' dir='ltr'><strong>utilia</strong></span> <span class='ocrx_word' id='word_1_127' title='bbox 448 1248 635 1312; x_wconf 90' lang='lat' dir='ltr'><strong>tradiderunt,</strong></span> <span class='ocrx_word' id='word_1_128' title='bbox 655 1246 726 1300; x_wconf 89' lang='lat' dir='ltr'><strong>hanc</strong></span> <span class='ocrx_word' id='word_1_129' title='bbox 740 1247 910 1300; x_wconf 85' lang='lat' dir='ltr'><strong>rhetoricam</strong></span> 
     </span>
     <span class='ocr_line' id='line_1_19' title="bbox 111 1307 909 1382; baseline -0.003 -14"><span class='ocrx_word' id='word_1_130' title='bbox 111 1329 174 1368; x_wconf 88' lang='lat' dir='ltr'><strong>esse</strong></span> <span class='ocrx_word' id='word_1_131' title='bbox 184 1317 301 1378; x_wconf 82' lang='lat' dir='ltr'><strong>iactant3</strong></span> <span class='ocrx_word' id='word_1_132' title='bbox 320 1315 370 1368; x_wconf 88' lang='lat' dir='ltr'><strong>sed</strong></span> <span class='ocrx_word' id='word_1_133' title='bbox 380 1313 563 1382; x_wconf 89' lang='lat' dir='ltr'><strong>philosophus</strong></span> <span class='ocrx_word' id='word_1_134' title='bbox 573 1307 767 1381; x_wconf 58' lang='lat' dir='ltr'><strong>gratissimus,</strong></span> <span class='ocrx_word' id='word_1_135' title='bbox 781 1315 909 1366; x_wconf 83' lang='lat' dir='ltr'><strong>veritatis</strong></span> 
     </span>
     <span class='ocr_line' id='line_1_20' title="bbox 110 1381 909 1448; baseline 0.003 -15"><span class='ocrx_word' id='word_1_136' title='bbox 110 1383 314 1438; x_wconf 87' lang='lat' dir='ltr'><strong>amantissimus</strong></span> <span class='ocrx_word' id='word_1_137' title='bbox 328 1388 357 1434; x_wconf 86' lang='lat' dir='ltr'><strong>et</strong></span> <span class='ocrx_word' id='word_1_138' title='bbox 372 1397 434 1434; x_wconf 90' lang='lat' dir='ltr'><strong>cunr</strong></span> <span class='ocrx_word' id='word_1_139' title='bbox 447 1382 510 1432; x_wconf 89' lang='lat' dir='ltr'><strong>aliis</strong></span> <span class='ocrx_word' id='word_1_140' title='bbox 529 1381 687 1432; x_wconf 89' lang='lat' dir='ltr'><strong>nominibus</strong></span> <span class='ocrx_word' id='word_1_141' title='bbox 706 1381 909 1448; x_wconf 77' lang='lat' dir='ltr'><strong>suspiciendus,</strong></span> 
     </span>
     <span class='ocr_line' id='line_1_21' title="bbox 108 1446 910 1516; baseline -0.005 -14"><span class='ocrx_word' id='word_1_142' title='bbox 108 1455 167 1502; x_wconf 89' lang='lat' dir='ltr'><strong>tum</strong></span> <span class='ocrx_word' id='word_1_143' title='bbox 177 1446 230 1501; x_wconf 86' lang='lat' dir='ltr'><strong>hoc</strong></span> <span class='ocrx_word' id='word_1_144' title='bbox 243 1449 289 1500; x_wconf 85' lang='lat' dir='ltr'><strong>vel</strong></span> <span class='ocrx_word' id='word_1_145' title='bbox 300 1451 462 1516; x_wconf 84' lang='lat' dir='ltr'><strong>praecipue,</strong></span> <span class='ocrx_word' id='word_1_146' title='bbox 476 1447 551 1516; x_wconf 90' lang='lat' dir='ltr'><strong>quod</strong></span> <span class='ocrx_word' id='word_1_147' title='bbox 561 1461 670 1514; x_wconf 86' lang='lat' dir='ltr'><strong>semper</strong></span> <span class='ocrx_word' id='word_1_148' title='bbox 684 1447 764 1514; x_wconf 86' lang='lat' dir='ltr'><strong>plura</strong></span> <span class='ocrx_word' id='word_1_149' title='bbox 778 1454 910 1515; x_wconf 84' lang='lat' dir='ltr'><strong>praestat,</strong></span> 
     </span>
     <span class='ocr_line' id='line_1_22' title="bbox 109 1511 912 1584; baseline -0.002 -18"><span class='ocrx_word' id='word_1_150' title='bbox 109 1531 190 1584; x_wconf 91' lang='lat' dir='ltr'><strong>quam</strong></span> <span class='ocrx_word' id='word_1_151' title='bbox 202 1516 358 1583; x_wconf 89' lang='lat' dir='ltr'><strong>pollicetur.</strong></span> <span class='ocrx_word' id='word_1_152' title='bbox 393 1516 503 1568; x_wconf 88' lang='lat' dir='ltr'><strong>Utinam</strong></span> <span class='ocrx_word' id='word_1_153' title='bbox 515 1515 599 1566; x_wconf 89' lang='lat' dir='ltr'><strong>modo</strong></span> <span class='ocrx_word' id='word_1_154' title='bbox 613 1514 692 1564; x_wconf 87' lang='lat' dir='ltr'><strong>robis</strong></span> <span class='ocrx_word' id='word_1_155' title='bbox 703 1516 777 1566; x_wconf 91' lang='lat' dir='ltr'><strong>serio</strong></span> <span class='ocrx_word' id='word_1_156' title='bbox 789 1511 912 1579; x_wconf 81' lang='lat' dir='ltr'><strong>experiri</strong></span> 
     </span>
     <span class='ocr_line' id='line_1_23' title="bbox 102 1579 910 1646; baseline -0.002 -12"><span class='ocrx_word' id='word_1_157' title='bbox 102 1584 209 1644; x_wconf 83' lang='lat' dir='ltr'><strong>libeat,</strong></span> <span class='ocrx_word' id='word_1_158' title='bbox 224 1597 258 1632; x_wconf 90' lang='lat' dir='ltr'><strong>an</strong></span> <span class='ocrx_word' id='word_1_159' title='bbox 274 1581 419 1634; x_wconf 87' lang='lat' dir='ltr'><strong>baecvera</strong></span> <span class='ocrx_word' id='word_1_160' title='bbox 429 1583 496 1645; x_wconf 89' lang='lat' dir='ltr'><strong>sint;</strong></span> <span class='ocrx_word' id='word_1_161' title='bbox 514 1583 619 1632; x_wconf 84' lang='lat' dir='ltr'><strong>utinam</strong></span> <span class='ocrx_word' id='word_1_162' title='bbox 634 1595 716 1646; x_wconf 87' lang='lat' dir='ltr'><strong>quam</strong></span> <span class='ocrx_word' id='word_1_163' title='bbox 729 1579 813 1632; x_wconf 81' lang='lat' dir='ltr'><strong>facile</strong></span> <span class='ocrx_word' id='word_1_164' title='bbox 827 1580 910 1632; x_wconf 84' lang='lat' dir='ltr'><strong>dictis</strong></span> 
     </span>
     <span class='ocr_line' id='line_1_24' title="bbox 108 1646 911 1711; baseline -0.005 -10"><span class='ocrx_word' id='word_1_165' title='bbox 108 1651 213 1702; x_wconf 88' lang='lat' dir='ltr'><strong>nostris</strong></span> <span class='ocrx_word' id='word_1_166' title='bbox 234 1649 375 1701; x_wconf 88' lang='lat' dir='ltr'><strong>constabit</strong></span> <span class='ocrx_word' id='word_1_167' title='bbox 394 1649 476 1711; x_wconf 84' lang='lat' dir='ltr'><strong>fides,</strong></span> <span class='ocrx_word' id='word_1_168' title='bbox 494 1655 552 1700; x_wconf 86' lang='lat' dir='ltr'><strong>tam</strong></span> <span class='ocrx_word' id='word_1_169' title='bbox 569 1646 654 1700; x_wconf 80' lang='lat' dir='ltr'><strong>facile</strong></span> <span class='ocrx_word' id='word_1_170' title='bbox 670 1663 706 1705; x_wconf 75' lang='lat' dir='ltr'><strong>‚ac</strong></span> <span class='ocrx_word' id='word_1_171' title='bbox 720 1654 880 1700; x_wconf 88' lang='lat' dir='ltr'><strong>constanter</strong></span> <span class='ocrx_word' id='word_1_172' title='bbox 893 1661 911 1698; x_wconf 85' lang='lat' dir='ltr'><strong>a</strong></span> 
     </span>
     <span class='ocr_line' id='line_1_25' title="bbox 107 1713 909 1782; baseline 0 -14"><span class='ocrx_word' id='word_1_173' title='bbox 107 1716 187 1768; x_wconf 86' lang='lat' dir='ltr'><strong>robis</strong></span> <span class='ocrx_word' id='word_1_174' title='bbox 206 1716 343 1768; x_wconf 86' lang='lat' dir='ltr'><strong>industria</strong></span> <span class='ocrx_word' id='word_1_175' title='bbox 362 1716 550 1782; x_wconf 78' lang='lat' dir='ltr'><strong>sedulitasquc</strong></span> <span class='ocrx_word' id='word_1_176' title='bbox 570 1721 735 1782; x_wconf 85' lang='lat' dir='ltr'><strong>praestetur.</strong></span> <span class='ocrx_word' id='word_1_177' title='bbox 770 1713 833 1768; x_wconf 87' lang='lat' dir='ltr'><strong>Non</strong></span> <span class='ocrx_word' id='word_1_178' title='bbox 852 1727 909 1768; x_wconf 81' lang='lat' dir='ltr'><strong>me·</strong></span> 
     </span>
     <span class='ocr_line' id='line_1_26' title="bbox 108 1783 670 1849; baseline -0.004 -14"><span class='ocrx_word' id='word_1_179' title='bbox 108 1791 167 1845; x_wconf 87' lang='lat' dir='ltr'><strong>tuo,</strong></span> <span class='ocrx_word' id='word_1_180' title='bbox 179 1784 327 1849; x_wconf 86' lang='lat' dir='ltr'><strong>nequisse</strong></span> <span class='ocrx_word' id='word_1_181' title='bbox 339 1783 465 1836; x_wconf 85' lang='lat' dir='ltr'><strong>delusum</strong></span> <span class='ocrx_word' id='word_1_182' title='bbox 474 1789 670 1849; x_wconf 87' lang='lat' dir='ltr'><strong>conqueratur.</strong></span> 
     </span>
     <span class='ocr_line' id='line_1_27' title="bbox 140 1849 907 1916; baseline -0.003 -16"><span class='ocrx_word' id='word_1_183' title='bbox 140 1851 228 1916; x_wconf 82' lang='lat' dir='ltr'><strong>litque</strong></span> <span class='ocrx_word' id='word_1_184' title='bbox 248 1849 375 1916; x_wconf 86' lang='lat' dir='ltr'><strong>equidem</strong></span> <span class='ocrx_word' id='word_1_185' title='bbox 394 1865 481 1916; x_wconf 87' lang='lat' dir='ltr'><strong>propa</strong></span> <span class='ocrx_word' id='word_1_186' title='bbox 499 1851 555 1902; x_wconf 89' lang='lat' dir='ltr'><strong>iam</strong></span> <span class='ocrx_word' id='word_1_187' title='bbox 576 1863 811 1916; x_wconf 77' lang='lat' dir='ltr'><strong>supervacaneum</strong></span> <span class='ocrx_word' id='word_1_188' title='bbox 830 1853 907 1916; x_wconf 88' lang='lat' dir='ltr'><strong>puto,</strong></span> 
     </span>
     <span class='ocr_line' id='line_1_28' title="bbox 108 1915 908 2032; baseline 0.001 -67"><span class='ocrx_word' id='word_1_189' title='bbox 108 1915 188 1982; x_wconf 84' lang='lat' dir='ltr'><strong>plura</strong></span> <span class='ocrx_word' id='word_1_190' title='bbox 197 1917 281 1968; x_wconf 87' lang='lat' dir='ltr'><strong>verba</strong></span> <span class='ocrx_word' id='word_1_191' title='bbox 290 1915 383 1968; x_wconf 85' lang='lat' dir='ltr'><strong>iacere</strong></span> <span class='ocrx_word' id='word_1_192' title='bbox 394 1919 429 1969; x_wconf 90' lang='lat' dir='ltr'><strong>de</strong></span> <span class='ocrx_word' id='word_1_193' title='bbox 443 1931 491 1979; x_wconf 92' lang='lat' dir='ltr'><strong>eo,</strong></span> <span class='ocrx_word' id='word_1_194' title='bbox 505 1916 580 1983; x_wconf 92' lang='lat' dir='ltr'><strong>quod</strong></span> <span class='ocrx_word' id='word_1_195' title='bbox 594 1918 716 1969; x_wconf 87' lang='lat' dir='ltr'><strong>secundo</strong></span> <span class='ocrx_word' id='word_1_196' title='bbox 730 1916 795 1968; x_wconf 91' lang='lat' dir='ltr'><strong>loco</strong></span> <span class='ocrx_word' id='word_1_197' title='bbox 808 1929 908 2032; x_wconf 49' lang='lat' dir='ltr'><strong>propo·</strong></span> 
     </span>
     <span class='ocr_line' id='line_1_29' title="bbox 829 1995 907 2038; baseline -0.026 -1"><span class='ocrx_word' id='word_1_198' title='bbox 829 1995 907 2038; x_wconf 71' lang='lat' dir='ltr'><strong>,orum</strong></span> 
     </span>
    </p>
   </div>
   <div class='ocr_carea' id='block_1_4' title="bbox 156 2115 425 2172">
    <p class='ocr_par' dir='ltr' id='par_1_4' title="bbox 156 2115 425 2172">
     <span class='ocr_line' id='line_1_30' title="bbox 156 2115 425 2172; baseline 0.007 -15"><span class='ocrx_word' id='word_1_199' title='bbox 156 2115 177 2168; x_wconf 74' lang='lat'><strong>⁹)</strong></span> <span class='ocrx_word' id='word_1_200' title='bbox 192 2115 257 2172; x_wconf 77' lang='lat' dir='ltr'><strong>virg.</strong></span> <span class='ocrx_word' id='word_1_201' title='bbox 267 2117 324 2160; x_wconf 79' lang='lat' dir='ltr'><strong>Aen.</strong></span> <span class='ocrx_word' id='word_1_202' title='bbox 335 2115 366 2160; x_wconf 87' lang='lat'><strong>11.</strong></span> <span class='ocrx_word' id='word_1_203' title='bbox 377 2118 425 2160; x_wconf 78' lang='grc'><strong>638.</strong></span> 
     </span>
    </p>
   </div>
   <div class='ocr_carea' id='block_1_5' title="bbox 274 2171 864 2284">
    <p class='ocr_par' dir='ltr' id='par_1_5' title="bbox 274 2171 864 2284">
     <span class='ocr_line' id='line_1_31' title="bbox 314 2171 639 2228; baseline 0.006 -14"><span class='ocrx_word' id='word_1_204' title='bbox 314 2186 354 2214; x_wconf 81' lang='lat' dir='ltr'><strong>ros</strong></span> <span class='ocrx_word' id='word_1_205' title='bbox 364 2187 384 2222; x_wconf 85' lang='grc' dir='ltr'><strong>ο,</strong></span> <span class='ocrx_word' id='word_1_206' title='bbox 397 2172 479 2226; x_wconf 84' lang='lat' dir='ltr'><strong>quibus</strong></span> <span class='ocrx_word' id='word_1_207' title='bbox 488 2171 577 2228; x_wconf 79' lang='lat' dir='ltr'><strong>integer</strong></span> <span class='ocrx_word' id='word_1_208' title='bbox 586 2171 639 2217; x_wconf 79' lang='lat' dir='ltr'><strong>oeci</strong></span> 
     </span>
     <span class='ocr_line' id='line_1_32' title="bbox 274 2225 864 2284; baseline -0.002 -13"><span class='ocrx_word' id='word_1_209' title='bbox 274 2225 382 2282; x_wconf 71' lang='lat' dir='ltr'><strong>sangaris,</strong></span> <span class='ocrx_word' id='word_1_210' title='bbox 393 2229 432 2280; x_wconf 84' lang='lat' dir='ltr'><strong>ait,</strong></span> <span class='ocrx_word' id='word_1_211' title='bbox 443 2227 575 2284; x_wconf 83' lang='lat' dir='ltr'><strong>solidaeque</strong></span> <span class='ocrx_word' id='word_1_212' title='bbox 585 2241 625 2272; x_wconf 82' lang='lat' dir='ltr'><strong>suc</strong></span> <span class='ocrx_word' id='word_1_213' title='bbox 634 2231 697 2272; x_wconf 84' lang='lat' dir='ltr'><strong>stant</strong></span> <span class='ocrx_word' id='word_1_214' title='bbox 705 2229 788 2274; x_wconf 80' lang='lat' dir='ltr'><strong>robore</strong></span> <span class='ocrx_word' id='word_1_215' title='bbox 797 2229 864 2271; x_wconf 75' lang='lat' dir='ltr'><strong>viras·</strong></span> 
     </span>
    </p>
   </div>
   <div class='ocr_carea' id='block_1_6' title="bbox 146 2298 467 2356">
    <p class='ocr_par' dir='ltr' id='par_1_6' title="bbox 146 2298 467 2356">
     <span class='ocr_line' id='line_1_33' title="bbox 146 2298 467 2356; baseline 0.003 -13"><span class='ocrx_word' id='word_1_216' title='bbox 146 2299 176 2354; x_wconf 87' lang='lat'><strong>··)</strong></span> <span class='ocrx_word' id='word_1_217' title='bbox 193 2299 357 2356; x_wconf 64' lang='lat' dir='ltr'><strong>nonenim.</strong></span> <span class='ocrx_word' id='word_1_218' title='bbox 367 2298 467 2344; x_wconf 79' lang='lat' dir='ltr'><strong>xrrnr.</strong></span> 
     </span>
    </p>
   </div>
   <div class='ocr_carea' id='block_1_7' title="bbox 275 2356 814 2461">
    <p class='ocr_par' dir='ltr' id='par_1_7' title="bbox 275 2356 814 2461">
     <span class='ocr_line' id='line_1_34' title="bbox 318 2356 580 2410; baseline 0.004 -12"><span class='ocrx_word' id='word_1_219' title='bbox 318 2356 413 2410; x_wconf 84' lang='lat' dir='ltr'><strong>dumque</strong></span> <span class='ocrx_word' id='word_1_220' title='bbox 422 2357 497 2399; x_wconf 73' lang='lat' dir='ltr'><strong>virent</strong></span> <span class='ocrx_word' id='word_1_221' title='bbox 507 2368 580 2410; x_wconf 76' lang='lat' dir='ltr'><strong>genua</strong></span> 
     </span>
     <span class='ocr_line' id='line_1_35' title="bbox 275 2411 814 2461; baseline -0.006 -7"><span class='ocrx_word' id='word_1_222' title='bbox 275 2411 307 2454; x_wconf 81' lang='lat' dir='ltr'><strong>Et</strong></span> <span class='ocrx_word' id='word_1_223' title='bbox 317 2411 389 2461; x_wconf 76' lang='lat' dir='ltr'><strong>decer,</strong></span> <span class='ocrx_word' id='word_1_224' title='bbox 400 2412 606 2458; x_wconf 76' lang='lat' dir='ltr'><strong>obdaetnmlvatar·</strong></span> <span class='ocrx_word' id='word_1_225' title='bbox 614 2411 691 2456; x_wconf 74' lang='lat' dir='ltr'><strong>incute</strong></span> <span class='ocrx_word' id='word_1_226' title='bbox 700 2412 814 2455; x_wconf 65' lang='lat' dir='ltr'><strong>asumma</strong></span> 
     </span>
    </p>
   </div>
   <div class='ocr_carea' id='block_1_8' title="bbox 111 2475 906 2600">
    <p class='ocr_par' dir='ltr' id='par_1_8' title="bbox 111 2475 906 2600">
     <span class='ocr_line' id='line_1_36' title="bbox 138 2475 906 2538; baseline -0.004 -13"><span class='ocrx_word' id='word_1_227' title='bbox 138 2481 179 2536; x_wconf 68' lang='lat'><strong>⁶²)</strong></span> <span class='ocrx_word' id='word_1_228' title='bbox 194 2484 222 2534; x_wconf 73' lang='lat' dir='ltr'><strong>Q.</strong></span> <span class='ocrx_word' id='word_1_229' title='bbox 234 2483 282 2526; x_wconf 83' lang='lat' dir='ltr'><strong>Cic.</strong></span> <span class='ocrx_word' id='word_1_230' title='bbox 294 2484 321 2526; x_wconf 83' lang='lat' dir='ltr'><strong>de</strong></span> <span class='ocrx_word' id='word_1_231' title='bbox 332 2486 398 2538; x_wconf 85' lang='lat' dir='ltr'><strong>petit.</strong></span> <span class='ocrx_word' id='word_1_232' title='bbox 409 2483 476 2527; x_wconf 78' lang='lat' dir='ltr'><strong>cons.</strong></span> <span class='ocrx_word' id='word_1_233' title='bbox 485 2479 507 2527; x_wconf 60' lang='lat' dir='ltr'><strong>9ss</strong></span> <span class='ocrx_word' id='word_1_234' title='bbox 517 2484 537 2538; x_wconf 65' lang='lat' dir='ltr'><strong>i·</strong></span> <span class='ocrx_word' id='word_1_235' title='bbox 548 2488 582 2529; x_wconf 70' lang='lat' dir='ltr'><strong>tt.</strong></span> <span class='ocrx_word' id='word_1_236' title='bbox 591 2485 613 2528; x_wconf 82' lang='lat' dir='ltr'><strong>si</strong></span> <span class='ocrx_word' id='word_1_237' title='bbox 623 2498 685 2534; x_wconf 78' lang='lat' dir='ltr'><strong>euru,</strong></span> <span class='ocrx_word' id='word_1_238' title='bbox 696 2483 734 2538; x_wconf 84' lang='lat' dir='ltr'><strong>qui</strong></span> <span class='ocrx_word' id='word_1_239' title='bbox 744 2481 787 2524; x_wconf 84' lang='lat' dir='ltr'><strong>tibi</strong></span> <span class='ocrx_word' id='word_1_240' title='bbox 796 2475 906 2534; x_wconf 66' lang='lat' dir='ltr'><strong>proniu-</strong></span> 
     </span>
     <span class='ocr_line' id='line_1_37' title="bbox 111 2537 658 2600; baseline 0.002 -20"><span class='ocrx_word' id='word_1_241' title='bbox 111 2539 149 2587; x_wconf 83' lang='lat' dir='ltr'><strong>rit‚</strong></span> <span class='ocrx_word' id='word_1_242' title='bbox 160 2539 357 2594; x_wconf 68' lang='lat' dir='ltr'><strong>audierisjrrcrm</strong></span> <span class='ocrx_word' id='word_1_243' title='bbox 368 2544 395 2600; x_wconf 78' lang='lat' dir='ltr'><strong>ut</strong></span> <span class='ocrx_word' id='word_1_244' title='bbox 404 2539 494 2592; x_wconf 79' lang='lat' dir='ltr'><strong>dicitur,</strong></span> <span class='ocrx_word' id='word_1_245' title='bbox 500 2539 583 2598; x_wconf 82' lang='lat' dir='ltr'><strong>fucere</strong></span> <span class='ocrx_word' id='word_1_246' title='bbox 591 2537 658 2582; x_wconf 78' lang='lat' dir='ltr'><strong>velle.</strong></span> 
     </span>
    </p>
   </div>
   <div class='ocr_carea' id='block_1_9' title="bbox 112 2599 907 2722">
    <p class='ocr_par' dir='ltr' id='par_1_9' title="bbox 112 2599 907 2722">
     <span class='ocr_line' id='line_1_38' title="bbox 149 2599 907 2708; baseline -0.016 -55"><span class='ocrx_word' id='word_1_247' title='bbox 149 2608 271 2708; x_wconf 48' lang='lat' dir='ltr'><strong>Eill’lnnt.</strong></span> <span class='ocrx_word' id='word_1_248' title='bbox 286 2613 354 2654; x_wconf 86' lang='lat' dir='ltr'><strong>Poen.</strong></span> <span class='ocrx_word' id='word_1_249' title='bbox 363 2610 382 2652; x_wconf 93' lang='lat'><strong>1.</strong></span> <span class='ocrx_word' id='word_1_250' title='bbox 394 2616 414 2654; x_wconf 83' lang='lat'><strong>2.</strong></span> <span class='ocrx_word' id='word_1_251' title='bbox 430 2614 464 2656; x_wconf 79' lang='lat'><strong>58.</strong></span> <span class='ocrx_word' id='word_1_252' title='bbox 480 2617 561 2655; x_wconf 78' lang='lat' dir='ltr'><strong>scorta</strong></span> <span class='ocrx_word' id='word_1_253' title='bbox 580 2607 724 2656; x_wconf 73' lang='lat' dir='ltr'><strong>diobolaris,</strong></span> <span class='ocrx_word' id='word_1_254' title='bbox 745 2615 801 2658; x_wconf 78' lang='lat' dir='ltr'><strong>qaae</strong></span> <span class='ocrx_word' id='word_1_255' title='bbox 821 2599 907 2646; x_wconf 73' lang='lat' dir='ltr'><strong>uncta</strong></span> 
     </span>
     <span class='ocr_line' id='line_1_39' title="bbox 112 2664 652 2722; baseline 0.006 -17"><span class='ocrx_word' id='word_1_256' title='bbox 112 2664 171 2707; x_wconf 75' lang='lat' dir='ltr'><strong>cbo·</strong></span> <span class='ocrx_word' id='word_1_257' title='bbox 195 2664 422 2721; x_wconf 72' lang='lat' dir='ltr'><strong>conciliaripcrsnnt.</strong></span> <span class='ocrx_word' id='word_1_258' title='bbox 614 2703 618 2708; x_wconf 96' lang='lat'>.</span> <span class='ocrx_word' id='word_1_259' title='bbox 648 2713 652 2722; x_wconf 38' lang='lat'>¹</span> 
     </span>
    </p>
   </div>
   <div class='ocr_carea' id='block_1_10' title="bbox 0 0 1064 3018">
    <p class='ocr_par' dir='ltr' id='par_1_10' title="bbox 0 0 1064 3018">
     <span class='ocr_line' id='line_1_40' title="bbox 0 0 1064 3018; baseline 0 0"><span class='ocrx_word' id='word_1_260' title='bbox 0 0 1064 3018; x_wconf 95' lang='lat' dir='ltr'><strong> </strong></span> 
     </span>
    </p>
   </div>
  </div>
 </body>
</html>
