2120 3018
354 121 507 210 onemo
524 157 574 211 iv.
630 121 635 132 ’
794 159 804 183 ²
824 162 858 216 ae

62 261 207 332 proposita
219 259 271 323 sit,
290 275 360 312 unus
376 259 497 312 omnium
511 266 541 311 et
554 259 625 311 vidit
639 261 742 328 optime
756 263 785 312 et
796 261 860 314 dili.

79 328 224 380 entissime
242 333 405 393 persecutus
424 333 481 388 est,
501 325 669 378 rhetoricam
689 342 724 379 ex
741 329 858 395 quadam

61 345 223 447 {inlectices
240 400 269 445 et
281 394 410 462 politices
422 393 602 459 permistione
618 395 752 461 quasique
767 397 855 446 consi·

58 465 132 514 tione
147 461 234 512 docet
251 461 387 512 exsistere
393 461 432 523 *),
449 468 491 522 ut,
503 476 559 510 non
573 461 662 512 dicam
676 463 747 512 tueri
758 475 855 513 munus
899 511 902 516 .

59 545 151 590 suum,
170 528 269 578 sedne
284 542 347 577 esse
362 526 472 593 quidem
488 542 520 576 ac
537 534 665 578 constare
679 529 781 593 possit,
800 530 856 580 nisi

58 597 204 661 decerptas
219 609 252 644 ae
266 593 403 644 delibatas
418 608 453 643 ex
467 607 560 644 eamm
573 601 689 660 utraque
704 594 854 661 particulas

39 695 41 700 ,
58 659 225 727 conrogarit.
261 661 301 720 Ut,
316 661 403 726 igitur
421 666 531 710 veteres
548 659 590 710 ilii
610 667 788 728 arrogantes,
807 662 855 729 qui

59 743 117 780 cum
132 726 289 794 pectendae
307 726 391 776 modo
410 732 438 775 et
455 728 656 793 intorquendus
671 733 700 779 et
715 734 855 795 tamquam

58 795 225 846 calamistris
239 793 391 844 inurendus
399 794 538 844 orationis
548 795 606 844 vias
616 794 771 857 traderent,
784 797 853 862 poii·

57 862 128 912 ticos
139 875 170 912 se
183 859 435 919 haherivolehaut,
452 859 491 909 ita
505 874 555 910 nos
569 861 703 923 modesti,
722 863 776 929 qui,
797 861 854 914 uod

57 928 135 980 nobis
151 928 247 988 deest,
262 941 371 992 quoque
388 939 482 976 carere
498 941 553 977 non
566 941 725 992 possumus,
739 878 853 996 spirido-

59 993 151 1061 sophis
167 1000 334 1044 mutuamur.
371 991 459 1051 (tuidi
480 991 542 1044 Non
556 993 757 1062 Hermagoras,
774 997 852 1048 cuins

60 1062 253 1112 auctoritatem
263 1059 352 1110 secuti
361 1058 473 1123 piurimi
483 1067 554 1122 sunt,
567 1061 662 1112 civiles
673 1065 852 1128 quaestiones

60 1123 176 1180 oratoris
188 1140 254 1189 esse
261 1127 404 1177 materiam
414 1125 542 1177 tradiditt
560 1129 647 1194 Aquo
659 1131 704 1194 qui
715 1128 852 1180 dissense·
876 1184 885 1197 ἱ
928 1171 939 1180 .

61 1201 129 1256 runt,
150 1209 208 1246 non
225 1207 259 1243 eo
275 1207 383 1243 errasse
401 1192 479 1242 illum
494 1194 636 1255 dixerunt,
674 1196 730 1248 uod
746 1195 853 1247 oratori

60 1261 169 1312 nimium
182 1260 341 1321 tribuisset,
357 1259 408 1310 sed
418 1260 604 1326 quodparum.
667 1277 738 1312 enne
748 1264 851 1314 Aristo·

59 1327 126 1379 teies
139 1329 203 1396 ipse
219 1326 368 1392 diligenter
381 1327 591 1392 cognoscendas
604 1341 666 1378 esse
689 1331 795 1379 oratori
808 1343 851 1380 re·

60 1407 116 1444 mm
137 1395 312 1462 publicarum
334 1391 439 1444 formas
461 1393 658 1460 praecipit**)i
688 1394 761 1457 Quid
783 1408 850 1444 reru

59 1461 129 1527 apud
139 1463 305 1512 Ciceronem
314 1459 499 1532 frequentius,
515 1474 594 1528 qnam
606 1464 665 1512 sine
676 1459 853 1528 philosophia

59 1541 111 1578 non
124 1541 212 1594 posse
227 1527 299 1576 effici
314 1527 503 1593 eloquentem,
523 1541 685 1592 omnemque
696 1525 853 1578 ubertatem

61 1592 210 1646 dicendine
221 1596 328 1660 copiam
338 1608 354 1643 a
363 1591 591 1658 philosophorum
601 1594 711 1659 scriptis
721 1609 783 1645 osse
792 1607 851 1644 ora·

61 1662 114 1710 tori
127 1660 292 1729 petendam?
316 1661 362 1728 qui
377 1661 459 1714 etiam
474 1675 504 1711 se
517 1675 573 1712 non
588 1676 623 1714 ex
639 1660 780 1717 rhetorum
795 1676 852 1712 um·

61 1724 192 1792 brachiis,
214 1729 263 1779 sed
281 1741 315 1778 ex
333 1727 491 1778 academiae
505 1728 602 1794 spatiis
617 1736 756 1780 oratorem
769 1729 851 1780 exsti·
926 1777 930 1782 .
1013 1783 1016 1790 ,

61 1794 353 1862 tisseproiitetur***).
387 1797 428 1846 An
438 1810 555 1863 unquam
567 1795 690 1847 Pericles
699 1795 852 1864 fulgurare,

62 1867 170 1925 tonare,
191 1864 360 1929 permissere
377 1861 559 1926 Graeciam)
582 1864 671 1914 dictus
687 1867 774 1925 esset,
799 1863 854 1914 nisi

64 1926 253 1997 Anaxagoram
272 1929 482 1992 audiisset††)i
515 1928 731 1982 Demosthenem
750 1936 851 1991 autem,

65 2007 118 2107 ἓιιο
129 2011 209 2062 nemo
217 2011 334 2062 unquam
342 1996 371 2046 in
380 1995 497 2047 dicendo
508 1997 707 2048 nervosioraut
714 1997 853 2048 efficacior

78 2060 128 2122 uit,
145 2063 218 2114 unde
238 2061 364 2113 hausisse
380 2062 457 2112 illam
471 2062 538 2125 rim,
554 2077 608 2130 qua
621 2070 733 2128 superat
747 2077 851 2125 omnes,

66 2125 116 2176 nisi
129 2143 163 2182 ex
172 2130 299 2180 Platonis
310 2126 408 2180 schola
417 2135 446 2179 et
455 2130 629 2180 semronihus
640 2129 771 2182 creditis?
797 2129 853 2182 Sed

68 2198 108 2242 est
117 2195 253 2262 quoddam
266 2210 353 2262 genus
366 2193 517 2255 hominum,
532 2198 580 2264 qui
595 2211 655 2248 cum
669 2211 699 2247 se
710 2197 853 2247 Ciceronis

68 2262 285 2316 studiosissimos
298 2261 396 2313 haberi
409 2262 511 2326 veiint,
525 2263 573 2314 uni
587 2277 622 2316 ex
637 2264 763 2316 omnihus
776 2263 853 2314 Cieo-

118 2392 138 2446 ·)
152 2393 244 2438 Rhetor.
254 2400 273 2438 1.
285 2399 306 2438 2

104 2451 133 2500 ⁸¹)
148 2450 239 2494 Rhetor.
252 2457 270 2494 1.
280 2455 302 2494 8.
346 2449 347 2456 ’

92 2503 132 2556 ¹⁸¹)
147 2505 209 2548 Oret.
217 2521 237 2550 e.
247 2509 268 2550 8.

68 2557 197 2666 ²⁰“wie
212 2562 274 2606 Oret.
289 2574 307 2605 e.
322 2563 343 2606 9.
355 2557 377 2616 §-
390 2561 425 2605 29.
441 2558 550 2610 Quinctil.
562 2561 594 2606 11.
610 2565 642 2608 lt.
660 2565 694 2607 19.
708 2558 769 2602 Plie.
784 2555 802 2600 Ι-
817 2567 852 2632 fii·

92 2644 138 2722 ff)
155 2645 202 2716 dic
212 2671 273 2716 Oret.
284 2686 302 2716 e.
309 2675 330 2715 t.
340 2670 362 2724 9.
374 2677 406 2716 lt.
416 2674 452 2718 De
462 2671 615 2717 Demosthene
624 2673 654 2715 ei.
663 2672 728 2714 ema
737 2666 771 2707 2¹·
780 2665 801 2720 fi.
810 2665 854 2707 121.

98 2723 232 2782 Musas.
252 2729 309 2780 Oa.
329 2728 363 2778 11.
630 2729 651 2777 c
