2140 3010
1024 4 1027 87 i

159 195 162 204 .
215 95 289 204 aas*
466 133 775 215 rasuramorxss

117 289 120 307 ,
149 242 153 252 ’
214 245 287 306 a'itcr
296 235 457 319 praeclarus
468 253 497 300 ct
506 247 637 300 salutaris
648 246 819 316 reipublicae
826 249 895 302 ciuis
906 225 1027 318 pereni-¹

88 379 90 386 s
214 325 335 382 susest,
355 318 406 372 sed
420 319 476 386 ipsi
490 316 594 377 acervi,
616 316 679 380 ipsa
694 311 789 366 millia
806 317 1027 372 immortalitate*

184 379 362 456 'dignorum
381 384 522 438 hominum
540 380 656 434 nefariis
681 382 1018 443 consceleratissimorum

212 455 352 506 latronum
365 448 491 504 manibus
505 449 644 502 trucidata
658 451 813 502 iacuerunt.
822 479 833 484 -
850 451 876 500 0
887 453 1017 506 acerbum

212 521 293 585 illud,
303 521 383 572 etvcl
388 519 506 572 Romani
515 517 635 586 nontinis
646 515 774 570 hostibus
784 507 945 584 nriserabilc
955 535 1016 586 spe·

179 629 181 642 .
214 585 365 642 ciacol'um!
385 597 445 640 cum
458 587 630 652 ,passinipcr
641 584 1017 652 riasimmaniumgladiato·

214 672 275 708 rum
284 657 313 708 in
325 655 465 722 principes
480 652 602 702 ciuitatis
614 648 835 702 debacchabatur
844 652 936 716 furor,
955 669 1017 707 cum

174 763 179 774 ,
215 724 262 791 qui
274 722 422 790 aliquando
432 718 603 784 reipublicae
613 717 754 784 praesidio
765 716 889 783 fucrant,
905 721 947 773 eis
958 723 1017 773 nul·

213 793 271 842 lum
289 789 319 840 in
338 789 450 838 ciuitate
465 785 635 851 praesidium
647 786 852 852 reperiebatu1·,·
871 801 933 838 cum
949 804 1017 856 quo·

214 871 274 907 rum
285 853 446 920 eloquentia
455 852 523 919 ipsis
534 851 657 919 gloriae,
677 851 740 902 aliis
752 852 942 917 admirationi,
962 861 1018 908 rei·

216 921 344 990 publicae
355 920 438 972 saluti
448 917 552 980 fuerat,
571 933 667 970 eorum
678 933 713 969 cx
722 919 859 987 iliisdpsis
869 923 984 984 rostris,
1003 939 1018 976 e

217 984 387 1055 quibustam
403 999 487 1052 saepe
501 986 660 1037 concionati
675 992 767 1048 eraut,
777 987 884 1038 incisis
905 989 1019 1042 cervici·

216 1055 281 1114 bus,
302 1053 394 1120 capita
407 1052 623 1120 sanguinolenta
635 1053 801 1119 pendebant.
837 1053 893 1105 Sed
906 1060 937 1106 ut
948 1054 1018 1108 haec

216 1122 367 1183 mittamus,
382 1120 481 1188 quibus
493 1119 561 1171 satis
572 1119 700 1172 dolenter
710 1119 888 1186 deplorandis
899 1123 1018 1178 alicuius

217 1186 324 1250 eorum,
344 1189 392 1258 qui
405 1195 473 1240 tunc
491 1187 691 1250 occubuerunt,
712 1201 781 1253 opus
800 1195 876 1238 esset
894 1189 1019 1256 ingenio,

218 1255 363 1308 Ciceronis
385 1271 465 1307 casus
480 1254 622 1321 totiusque
637 1254 711 1306 vitae
725 1255 840 1306 iactatio
856 1271 936 1326 quam
950 1271 1027 1324 non„

183 1367 185 1372 .
218 1324 266 1390 qui
281 1325 310 1374 iu
322 1322 442 1374 iuvanda
455 1321 545 1388 patria
557 1319 732 1374 commodum
747 1329 891 1374 suum-aut
904 1323 1027 1390 aliquodi

218 1389 356 1442 eiusmodi
366 1390 518 1454 praemium
534 1394 679 1455 sequatur,
699 1401 716 1438 a
731 1389 902 1458 reipublicae
916 1397 1018 1442 tractu·

127 1459 130 1463 ’
216 1458 295 1508 tione
315 1454 471 1508 deterreati
498 1453 583 1506 Cuius
603 1454 676 1506 enim
695 1471 815 1522 unquam
836 1455 954 1508 hominis
973 1457 1019 1510 rel

217 1525 298 1592 plura
316 1523 361 1577 rcl
381 1523 489 1574 maiora
507 1521 607 1572 merita
620 1521 894 1590 populusRomanus
908 1522 1020 1576 habuit!

216 1591 252 1662 ‘it
261 1589 310 1640 iile
321 1596 422 1652 tamen,
438 1590 483 1641 cui
495 1593 608 1640 senatus
619 1596 719 1656 togato·
728 1589 961 1658 supplicationem
972 1593 1019 1643 dc·

218 1662 356 1720 creverat,
371 1659 454 1723 quem
464 1655 497 1717 Q.
510 1655 637 1719 Catulus,
653 1658 782 1724 princeps
791 1664 917 1719 senatus,
937 1673 1021 1725 quem

216 1723 256 1774 Μ.
268 1723 351 1785 Cato,
373 1738 454 1790 quom
468 1723 549 1774 multi
562 1723 611 1774 alii
623 1730 766 1789 parentem
779 1723 887 1791 patriae
899 1727 1020 1778 meritis·

217 1792 288 1842 simo
301 1797 483 1856 vocaverant,
502 1789 710 1841 cuiL.·Gellius
725 1805 857 1842 coronam
873 1791 990 1843 civicam
1005 1807 1021 1844 a

211 1855 360 1922 republica
369 1857 467 1920 deberi
477 1855 598 1918 dixerat,
618 1857 685 1924 quid
699 1871 754 1908 non
768 1863 868 1924 postea
880 1857 1020 1910 calamita-

215 1929 288 1984 tum,
307 1923 516 1990 indignitatum,
534 1924 718 1976 acerbitatum
731 1924 759 1974 io
776 1939 822 1984 ea,
843 1939 914 1990 quaa
929 1926 1027 1992 ipsios}

215 1988 342 2040 consiliis
357 1989 462 2051 stabat,
485 1989 597 2040 ciuitate
613 2005 760 2056 perpessus
778 1989 839 2038 esti
857 1989 960 2052 ipsein
972 1987 1027 2052 exi

174 2066 180 2082 *
214 2053 307 2104 silium
325 2055 360 2104 ab
379 2053 491 2105 homine
512 2058 656 2106 teterrimo
676 2053 785 2118 pulsus,
809 2050 919 2118 direpta
932 2055 1027 2110 bonai

205 2123 314 2171 Lvexata
323 2133 403 2181 uxor,
417 2121 509 2170 vexati
521 2119 617 2180 liberi,
629 2119 726 2168 donnus
736 2117 862 2183 incensa,
881 2121 1027 2192 quidquid,

213 2183 333 2251 donique
342 2192 482 2236 meruerat
494 2179 618 2246 Clodius,
633 2183 731 2234 Cicero
743 2183 867 2251 pertulit,
880 2195 909 2240 ct
920 2205 967 2240 cas
979 2185 1027 2242 ob]

211 2253 287 2318 ipsas
298 2267 343 2304 res
354 2251 483 2332 postulat,
503 2250 602 2318 quibus
614 2249 691 2302 nulla
706 2250 774 2303 uatis
788 2253 880 2321 ampla
892 2257 1027 2320 praemia,

212 2324 342 2386 poterant
354 2319 482 2372 ruvcniri.
518 2317 658 2380 Quocirca
673 2316 786 2383 sisela,
807 2327 838 2372 ut
851 2321 930 2372 initio
946 2320 1027 2386 dixi‚i

173 2410 183 2426 ο
212 2389 397 2453 praemiorum
409 2385 620 2455 exspectatione
631 2386 768 2454 praeclari
779 2387 830 2438 viri
840 2385 875 2438 ad
886 2387 1027 2450 virtutem

213 2460 242 2506 et
251 2456 286 2507 ad
295 2456 443 2508 iuvandum
455 2471 543 2524 genus
554 2452 693 2506 hominum
704 2454 916 2516 adducerentur,
935 2459 1015 2510 nrulti

212 2523 272 2582 sinc
283 2523 377 2587 dubio,
389 2523 510 2592 cognitis
521 2523 640 2576 aliorum
651 2522 771 2586 casibus,
786 2537 803 2572 a
811 2523 957 2590 proposito
969 2526 1014 2576 ab·

195 2592 388 2659 ducerentur.
425 2591 481 2644 Sed
492 2598 535 2644 est
563 2591 684 2654 coiecto,
697 2589 853 2650 Moccnicc,
869 2595 912 2640 est
926 2593 1015 2644 mador

212 2660 347 2737 quaedam
361 2661 417 2724 vis,
441 2675 512 2730 quac
528 2607 580 2714 tizi
594 2676 627 2713 ac
639 2660 683 2712 tui
693 2656 829 2712 similibus
839 2655 1013 2725 persuadeat,
