2140 3010
183 174 238 226 ne·
455 131 610 230 ORATlo
633 171 715 227 xlx.

131 286 135 290 ·
184 275 367 340 aliumpcrat.
388 271 498 334 Quanto
512 273 686 341 prudentior,
713 271 991 340 uineminemfellitt

183 342 331 396 Deo'cnim
343 341 462 393 similior
473 346 525 404 est,
542 341 591 408 qui
600 289 809 409 neque‘iallere,
827 355 918 407 neque
928 339 993 392 iulii

205 415 288 461 otest.
555 457 557 462 ,
708 429 721 438 ·-
1051 421 1052 424 ’

184 422 285 528 pDiui
315 482 463 544 praeterea
484 475 513 526 in
536 473 673 526 Pontifioe
696 473 802 540 requiri
833 473 990 534 caritatem,

184 555 266 612 quom
276 544 427 608 Apostolus
445 548 473 596 et
486 542 620 608 martyrio
637 547 665 592 et
676 540 741 591 fidei
751 544 861 592 montes
870 539 991 593 transie-

184 613 258 662 renti
272 609 459 675 anteponit*);
478 609 540 660 eine
554 623 608 674 que
621 605 691 668 nihil
700 606 762 658 Dec
779 605 923 673 acceptum
932 613 989 658 est:

183 676 261 730 Deus
276 676 350 726 enim
362 675 422 742 ipse
442 676 544 726 caritas
564 680 615 725 est.
651 673 783 725 Pontifex
801 680 906 736 autem,
926 689 990 725 cum

107 751 108 755 ’
185 741 338 798 communis
355 748 435 806 puter
448 746 478 792 et
491 743 529 791 sit
543 748 571 792 et
586 747 719 803 vocetur,
740 739 866 806 hocipso
876 741 990 791 nomine

184 809 328 862 admoneri
343 807 439 870 debet,
459 813 576 873 paterna
587 821 619 858 ce
635 807 753 860 caritate
767 821 835 874 ergo
848 821 929 858 omne
939 802 990 858 ho-

184 877 288 928 minum
310 888 397 940 genus
416 889 478 926 esse
494 880 636 940 oportere.
671 874 770 926 Addidi
784 873 940 932 doctrinam
960 880 990 925 ct

185 941 384 993 eruditionem:
408 955 489 1007 quam
508 941 556 1007 qui
575 940 708 992 Pontifici
726 940 913 994 necessariam
931 955 990 992 non

147 1032 155 1038 ·
184 1013 295 1076 putant,
310 1021 411 1074 magno
427 1009 454 1058 in
471 1021 566 1059 errore
583 1013 735 1058 versantur.
770 1006 883 1059 iubetur
895 1007 991 1059 Aaron

184 1078 214 1126 in
228 1073 316 1124 veteri
333 1075 397 1141 lege
412 1072 523 1142 gesture
539 1087 622 1140 supra
636 1081 733 1140 pectus
744 1089 823 1125 suum
833 1074 989 1140 doctrinam

84 1159 89 1162 ·
186 1146 215 1192 et
227 1141 387 1205 veritaten13
405 1142 518 1194 iubetur
535 1153 672 1207 nunquam
690 1141 719 1190 in
739 1142 926 1192 sanctuarium
947 1141 989 1191 in-

220 1177 266 1258 ddi
281 1207 340 1258 sine
358 1209 513 1273 sonitu**):
554 1222 589 1260 uo
610 1207 796 1274 significetur,
816 1207 988 1258 voluntatem

183 1221 239 1327 gei
253 1273 287 1326 ab
303 1289 338 1326 eo
354 1273 455 1328 debere
469 1292 523 1342 pop
555 1277 579 1326 io
593 1273 758 1342 praedicuri.
797 1272 886 1326 Latia
898 1289 987 1326 tacer-

185 1339 265 1404 dotc‘r,
276 1341 315 1392 ait
325 1342 555 1406 Malachiao***),
570 1340 889 1398 custodiuntecieotiam„
915 1340 988 1392 Pau·

184 1408 229 1462 lus
240 1409 275 1462 ad
285 1408 462 1461 Timotheum
468 1409 514 1472 †),
532 1408 694 1475 episcopum
705 1422 767 1460 esse
779 1413 922 1476 oportere,
936 1409 987 1470 cit,

185 1482 278 1542 aptum
289 1477 324 1527 ad
335 1477 406 1528 alios
417 1475 568 1527 docendos.
597 1474 684 1538 Haec,
697 1479 774 1527 aiunt
784 1475 903 1542 quidum,
914 1473 988 1544 Pou-

184 1543 256 1595 tifex
274 1543 357 1594 etiam
369 1543 509 1597 'indoctus
528 1556 578 1610 per
597 1542 669 1593 alios
687 1542 765 1594 obire
780 1543 892 1610 poterit.
927 1541 988 1594 leto

184 1611 269 1661 modo
279 1611 385 1677 poterit
395 1611 477 1662 etium
487 1611 577 1661 bonus
587 1609 695 1676 lyricen
707 1623 779 1672 esse,
789 1611 834 1677 qui
843 1624 892 1676 per
901 1603 989 1662 aliun
1051 1641 1052 1648 κ

184 1677 986 1750 cauat,etbonusmedicus‚quiaegrotospcraliumcurct.

218 1742 273 1795 Sed
286 1745 355 1796 sotis
366 1747 411 1795 sit.
447 1743 576 1795 Breviter
586 1744 659 1794 enim
670 1743 704 1796 de
715 1744 882 1794 auctoritate
894 1743 988 1794 dicen·
1051 1777 1052 1788 ,

184 1808 258 1872 dum,
270 1826 351 1877 quam
361 1810 458 1864 ultimo
470 1812 534 1861 loco
545 1811 635 1876 posui,
645 1825 770 1879 quaeque
781 1811 872 1872 exiis,
883 1810 917 1860 de
928 1811 989 1876 qui·
1051 1793 1052 1822 ¹

183 1877 236 1927 bus
248 1879 313 1928 ante
327 1878 429 1929 dictum
441 1884 492 1938 eut,
504 1876 663 1928 efflorescit.
683 1877 883 1930 Auctoritatem
895 1880 991 1928 autem

105 1986 111 1997 s
184 1958 255 1998 voco
274 1947 440 2008 potentiam,
464 1943 537 2008 apud
558 1945 697 2013 principes
719 1951 748 1995 et
772 1943 845 2007 opud
867 1941 991 2009 populos

185 2009 264 2060 furna
273 2016 302 2060 et
312 2010 559 2060 diuturnavirtutis
572 2015 600 2058 et
611 2009 754 2059 doctrinae
766 2009 896 2072 opinione
904 2023 992 2072 quae·

184 2077 276 2126 eitam.
311 2076 353 2126 Ea
366 2075 497 2124 Pontifici
514 2073 568 2125 hoc
582 2075 731 2138 praecipue
744 2078 871 2136 tempore
891 2087 992 2125 neces.

185 2143 260 2192 saria
270 2145 322 2202 est,
334 2145 448 2258 profiter
457 2153 505 2190 eos
516 2147 628 2207 gentes,
640 2137 713 2204 'quae
725 2138 804 2189 afidc
816 2143 844 2187 et
855 2136 991 2192 obedien.

184 2209 226 2258 tia
250 2213 363 2258 sanctae
407 2221 522 2259 onrunae
546 2206 683 2256 ecclesiae
702 2205 892 2266 desciverunt,
915 2219 989 2272 queo

185 2273 313 2336 revocpri
329 2273 364 2324 ad
383 2273 531 2324 sanitatem
550 2273 597 2324 vix
610 2279 751 2339 poterunt,
771 2271 826 2323 nisi
846 2273 919 2336 eius,
936 2275 992 2390 gui
1051 2323 1052 2344 ,

185 2341 320 2406 praeerit,
335 2341 502 2392 auctoritate
513 2346 685 2392 moveantur.
720 2339 915 2410 Agitejgitur,
960 2356 988 2392 a·
1051 2347 1052 2368 ¹

185 2416 243 2461 tres
254 2407 426 2476 amplissimi,
437 2409 583 2478 proponite
594 2405 673 2461 robis
683 2415 747 2462 onte
759 2409 987 2462 oculoreomruu-

233 2531 254 2586 ²)
262 2527 285 2574 ἶ.
296 2533 325 2574 cd
337 2527 433 2575 Corinth
449 2529 519 2576 XIII.
531 2534 550 2574 l.
562 2544 595 2586 eq.
632 2584 635 2589 .

215 2589 257 2698 ἐξ
265 2587 299 2688 R
310 2589 368 2688 ἔξω.
378 2587 495 2632 xxvul.
506 2593 540 2632 ³0.
550 2591 585 2632 ³4.
595 2592 618 2632 et
628 2600 674 2644 req.

229 2699 258 2754 †)
269 2699 288 2744 1.
299 2701 328 2745 ud
339 2699 441 2746 Timoth.
449 2699 494 2746 111.
505 2705 526 2747 2.
