2150 3012
383 161 640 252 annulatum
865 167 913 219 lat

119 266 175 320 lroc
189 265 308 317 merisne
320 269 474 326 constaret,
488 277 551 314 eum
564 261 760 316 historicorum
773 257 851 316 more
866 265 914 318 ali·

120 332 188 400 quid
198 332 337 382 interdum
347 343 409 381 esse
418 331 571 392 mentitum,
579 337 733 396 nontamen
741 331 857 384 idralde
867 348 915 384 no-

120 401 165 452 bis
176 398 326 450 curandum
337 411 398 448 csse
409 397 566 448 arbitrarer.
592 395 654 447 Non
663 397 744 458 enim,
755 412 825 464 quae
835 398 869 449 ab
880 413 914 449 eo

120 472 276 525 narrantur,
288 462 425 514 eiusmodi
434 470 508 526 sunt,
517 469 549 514 ut
558 463 695 529 piaculum
705 464 751 526 sit,
766 463 914 532 quidquam

120 533 150 584 in
161 533 212 594 eis,
224 531 298 598 quod
307 543 401 580 verum
411 529 521 592 nonsit,
531 544 581 596 pro
592 543 658 580 vero
669 531 830 582 credidisse.
857 530 913 582 Sed

121 607 215 650 tamen
226 598 287 665 quis
298 611 361 648 eum
370 595 648 647 mendaciiaccusate
665 595 813 662 Vopiscus.
841 597 915 658 Quid

123 666 178 716 iste
190 663 340 731 Vopiscus,
359 663 425 728 quid
439 661 557 714 hominis
569 662 628 713 esti
651 663 768 723 Quidam
787 663 916 715 Suetonii

123 731 234 792 sinnius,
249 731 333 796 longe
342 735 434 780 tamen
444 729 478 780 ab
490 743 523 781 eo
535 728 653 780 distans:
674 731 735 795 qui,
749 745 812 781 curn
824 744 854 781 se
865 729 915 780 ali·

111 811 205 866 -quem
214 796 304 847 videri
313 795 409 857 vellet,
423 796 580 856 affirmavit,
594 796 732 860 neminem¹
740 799 915 863 scriptorum,

17 848 40 882 ·’
124 869 254 930 quantum
268 861 303 912 ad
313 860 457 912 historiam
475 864 640 927 pertineret,
659 878 715 914 non
735 862 838 929 aliquid
852 877 914 914 esse

124 930 278 989 mentitum,
293 928 484 994 gloriatusque
495 934 547 989 est,
562 929 648 979 nsulte
662 943 693 980 se
703 929 873 994 prodidisse,
887 930 916 979 in

124 995 223 1062 quibus
237 993 345 1055 Livius,
363 993 523 1056 Sallustius,
541 994 687 1045 Cornelius
701 997 829 1057 Tacitus,
846 998 917 1046 Tro·

145 1077 191 1123 us,
214 1060 369 1111 maniiestis
391 1061 511 1111 testibus
533 1064 769 1112 convincerentur.
813 1061 917 1128 Magna

124 1077 214 1189 Vnius,
227 1125 349 1193 quisquis
360 1132 414 1188 est,
428 1126 544 1192 Vopisci
556 1126 688 1188 felicitas3
702 1141 782 1178 nemo
796 1143 916 1195 unquam

123 1202 180 1245 tam
193 1193 302 1244 curiose
312 1193 340 1242 in
349 1193 437 1260 ipsius
448 1192 730 1257 mcndaciainquiret.
758 1193 814 1246 Sed
824 1201 915 1246 tamen

124 1259 186 1328 quis
197 1257 251 1310 hoc
261 1256 403 1324 praestare
413 1258 501 1319 ausit,
513 1258 559 1318 iis,
569 1271 641 1323 quae
649 1256 704 1308 lroc
714 1257 833 1312 hominis
843 1275 915 1312 som·

123 1328 200 1376 nium
212 1327 240 1376 in
254 1329 311 1375 tam
324 1324 472 1375 luculentia
492 1322 674 1388 scriptoribus
689 1323 915 1390 reprehenderet,

122 1393 234 1442 seriore
245 1404 306 1442 esse
321 1404 366 1452 ea,
386 1405 456 1457 quae
470 1391 530 1456 lpse
547 1404 608 1440 cum
622 1389 680 1440 suis
693 1391 812 1442 testibus
822 1398 915 1457 protu-
959 1393 963 1406 '

124 1457 221 1509 lisseti
242 1457 311 1517 Quis
325 1463 416 1508 autem
429 1454 548 1522 unquam
563 1455 696 1508 historiae
709 1458 831 1521 scriptor
845 1455 915 1508 hanc

124 1529 219 1576 notam
230 1523 354 1590 effugere
365 1523 470 1589 potuitl
488 1521 550 1574 Non
562 1529 668 1574 tantum
678 1523 750 1589 apud
760 1521 914 1589 Theopom-

123 1605 187 1658 pum
199 1595 227 1641 et
236 1590 308 1657 apud
319 1589 500 1650 Herodotum,
512 1588 646 1640 historiae
656 1596 774 1655 patrem,
787 1589 916 1645 dicuntur

124 1671 187 1708 csse
197 1655 411 1708 innumerabiles
421 1655 544 1718 fabulae,
558 1657 609 1708 sed
619 1658 716 1722 etipse
726 1655 915 1723 Thucydides,

109 1726 171 1792 'qui
182 1737 216 1774 ea
230 1723 352 1788 scripsit,
367 1722 465 1788 quibus
477 1722 656 1785 interfuerat,
669 1723 807 1775 mendacii
821 1737 839 1774 a
848 1738 915 1776 non·

122 1790 208 1840 nullis
222 1794 376 1840 accusatur.
413 1787 578 1856 Thucydides
592 1805 706 1856 quoque,
726 1791 766 1842 cit
781 1789 914 1855 Iosephus

122 1857 195 1907 libro
206 1856 294 1921 primo
310 1855 443 1906 adsersus
452 1857 627 1923 Apionem*),
644 1853 676 1908 ui
687 1858 770 1908 mulla
782 1857 914 1918 meantes,

124 1920 281 1974 scamellis
295 1922 424 1978 accusari
432 1923 511 1974 solen
530 1921 576 1988 psi
589 1931 678 1974 samen
689 1922 915 1988 accuratusimsrrs

124 2003 213 2038 rerum
227 1987 385 2052 temporibus
405 1988 458 2040 suis
477 1997 614 2056 gestarum
629 1988 763 2056 scripsisse
776 1989 915 2046 intonans
958 2033 964 2044 .

122 2051 236 2104 videtur.
264 2055 456 2121 Autigiturne
470 2053 524 2106 hoc
535 2057 634 2106 'l'acito
651 2064 766 2119 noceat,
782 2062 831 2107 aut
842 2054 914 2108 Thu·
961 2094 963 2102 .

122 2119 215 2186 cydidi
231 2135 341 2188 quoquo
361 2128 390 2173 et
404 2120 485 2173 Livio
505 2129 534 2174 et
553 2123 678 2176 omnibus
695 2124 813 2190 denique
828 2121 914 2176 histo·

33 2181 40 2201 ¹
121 2189 224 2238 riarum
234 2188 415 2252 scriptoribus
426 2195 534 2240 noceat.
568 2193 603 2240 nt
612 2189 809 2252 Tertullianus,
820 2178 875 2240 non
885 2194 916 2240 ut

122 2251 276 2320 Vopiscus,
295 2254 388 2321 aliqua
397 2253 524 2306 'l'acitum
536 2257 680 2306 mentitum
693 2270 756 2312 esse
770 2257 851 2318 dicit,
862 2254 915 2306 sed

123 2331 185 2370 euin
195 2321 401 2373 mendaciorum
412 2320 638 2387 loquacissimum
652 2327 742 2374 vocat.
776 2322 840 2373 lloc
850 2321 913 2374 loco

120 2391 187 2452 peto
196 2399 213 2438 a
223 2387 317 2450 vobis,
328 2395 359 2440 ut
369 2401 422 2450 me,
435 2403 516 2455 quam
530 2390 659 2455 potestis,
674 2390 857 2441 attentissime
867 2401 914 2438 au-

120 2453 214 2504 diatis.
250 2455 354 2506 Eadem
365 2455 438 2506 enim
449 2470 464 2506 o
485 2469 533 2506 era
542 2462 571 2506 et
581 2455 615 2504 ad
626 2456 664 2517 id,
676 2455 749 2522 quod
760 2469 795 2506 ex
804 2451 914 2505 Tertul·

87 2570 90 2579 ,
118 2517 196 2572 liano
210 2471 543 2598 allertm3'respomfebo,
558 2521 639 2586 olid,
654 2520 838 2590 quodTacito
853 2533 914 2588 gra·

177 2665 197 2720 ¹)
214 2677 264 2722 sap
274 2668 295 2709 a.
308 2667 368 2712 eain
