2140 3010
204 155 254 210 ru
314 139 343 146 ”
478 153 629 208 omnm
647 153 717 212 ux.

202 255 374 311 conditionis
391 257 558 308 senoniense
579 254 661 308 nobis
678 253 762 322 bodie
780 255 809 308 in
829 253 884 307 boc
895 257 999 324 templo

204 326 385 378 constitutum
394 323 526 376 videmus.
549 323 688 375 lucentem
698 322 771 372 enim
781 336 843 372 eum
852 323 999 386 intuemur,

204 393 251 461 qui
261 406 313 442 nos
323 405 419 442 omnes
428 392 552 445 iacentes
563 390 685 454 e1·ige1·e;
703 388 862 451 exoninem,
877 391 923 455 qui
937 404 1000 443 exa-

203 461 316 510 nimatis
334 458 427 525 aliquo
440 473 508 508 essu
521 456 602 508 nobis
616 457 737 521 animum
757 454 860 508 addere
879 455 1000 522 solebam

185 519 188 530 ¹
204 528 264 577 sits
272 531 426 584 carentem,
439 527 487 590 qui
500 525 581 574 nobis
597 523 715 587 aliisque
729 536 810 586 quam
824 520 949 589 plurimis
963 525 1000 574 ri·

201 599 251 644 tos
264 590 390 642 subsidia
401 589 600 656 benignissime
614 604 647 638 nc
661 587 855 640 liberalissime
869 588 999 640 submini-

203 658 318 710 strabat.
354 656 457 708 Merito
470 656 557 734 igitur
571 655 701 720 lacrymis
722 654 842 704 omnium
857 655 930 704 oculi
945 671 999 706 nra-

204 723 282 786 dent3
308 723 408 774 merito
429 724 549 789 undiquc
569 723 662 774 orricio
679 720 822 788 suspiriis,
840 721 998 787 gemitibus,

204 789 503 854 lamentationibusque
521 789 738 848 circumsonentr
765 787 864 838 merito
882 801 938 838 non
950 785 999 837 hu.

199 857 291 906 crines
308 854 407 916 modo,
430 855 480 906 sed
497 855 551 920 ipsi
570 853 651 907 buius
670 853 747 904 cedis
766 867 861 904 sacrse
877 854 999 920 parietes

205 924 297 972 omnic
304 920 440 972 meroris
448 921 746 986 sctristltiaeinsignia
752 923 930 982 ostentmst).
942 921 997 972 Sed

204 987 334 1054 quoniam
346 1001 437 1054 seque
456 987 702 1056 conquestionibus
725 987 830 1038 nostris
849 987 998 1054 quidquam

202 1053 339 1120 prolicere
351 1054 407 1104 ism
420 1069 567 1121 possumus
581 1053 728 1104 etdivinae
743 1053 934 1118 providentiae
951 1053 997 1104 de-

70 1117 73 1122 ’
170 1121 173 1126 “
203 1126 323 1171 cretoso
344 1119 997 1185 ncnnimolerredebemus,repetamusnliunde

203 1187 323 1254 aliquam
374 1189 417 1238 ius
430 1186 612 1254 segnitudinis
626 1199 658 1239 cc
673 1188 805 1242 miseriae
815 1185 996 1250 levationem

201 1260 232 1305 et
244 1253 395 1320 llippolyti
405 1254 546 1316 listensis,
565 1254 717 1310 communis
735 1259 860 1307 nostrum
876 1255 997 1306 onrrrium

191 1323 324 1388 parentis
334 1335 367 1371 ao
376 1323 495 1388 petroni,
504 1317 652 1373 virtutibus
662 1319 830 1378 aclaudibus
836 1325 915 1386 grata
922 1335 996 1370 cons-

199 1389 399 1438 memoratione
413 1385 592 1446 rcnovandis,
613 1385 739 1441 dolorem
755 1401 789 1438 ex
805 1387 892 1453 ipsius
905 1392 996 1438 morte
1050 1409 1051 1456 p

200 1460 377 1519 conceptum,
391 1451 738 1520 sipossumus,lenismus.
771 1453 875 1511 Misere
885 1454 996 1520 quidem
1050 1485 1051 1504 r

200 1517 271 1572 baec
279 1521 341 1586 ipsu
350 1525 378 1569 et
388 1518 489 1571 acerbo
498 1520 654 1574 consolatio
665 1526 722 1582 θεὶς
740 1526 842 1586 quanto
857 1523 929 1572 errius
939 1535 995 1572 mu·
1050 1521 1051 1536 ¹

200 1587 244 1654 gis
255 1587 327 1648 sius,
340 1587 416 1652 quod
430 1587 561 1640 emissum
571 1593 627 1649 est,
641 1585 808 1641 excellentia
819 1587 996 1654 perspicitur,

199 1655 277 1704 tento
288 1653 349 1717 plus
360 1652 465 1706 doloris
476 1669 512 1706 cx
520 1654 596 1706 illius
605 1655 754 1712 unrisslone
767 1653 930 1720 percipitur,
943 1655 996 1706 sed

200 1731 289 1784 neque
300 1719 406 1771 aninrus
415 1721 472 1772 ulls
479 1721 509 1771 in
517 1720 724 1786 cognitionc**)
732 1721 929 1787 conquiescere
940 1717 996 1770 hcc

199 1791 325 1849 tempore
344 1784 456 1838 facilius
475 1792 580 1852 potest3
611 1791 639 1836 et
652 1801 743 1838 rerum
757 1787 791 1836 ab
803 1800 836 1837 eo
851 1787 996 1851 praeclare
1050 1833 1051 1842 ,

199 1857 341 1966 posterum
355 1853 513 1904 recordatio
527 1849 581 1901 boc
596 1853 693 1902 saltem
712 1853 792 1902 nobis
810 1852 939 1904 solatium
955 1852 996 1903 uf-

213 1923 285 1980 eret,
304 1921 378 1986 quod
392 1918 479 1984 magis
495 1931 546 1966 nos
560 1919 734 1969 confirmabit
745 1919 774 1967 in
788 1933 822 1966 ea
832 1933 894 1984 spe,
912 1933 995 1984 quum

197 1985 298 2034 urerito
310 1997 404 2035 omncs
413 1983 597 2046 concepimus,
612 1990 714 2034 uicum
724 1999 778 2032 non
789 1989 843 2033 tum
855 1984 935 2034 nobis
947 1986 996 2036 ab·

198 2048 292 2111 latum,
304 2064 384 2116 quam
394 2064 410 2097 a
420 2056 455 2107 te,
466 2046 542 2097 Deus
552 2049 655 2112 optime
665 2049 791 2106 maxime,
803 2047 837 2096 ad
847 2046 994 2102 meliorem

124 2159 125 2162 ,
197 2116 282 2165 vitam
296 2119 423 2166 vocatum
436 2125 499 2162 esse
514 2115 665 2164 credamus.
699 2113 786 2176 litque
797 2111 900 2160 utinam
912 2113 995 2167 dolo.

128 2171 133 2186 '
197 2181 236 2230 ris
247 2178 406 2243 magnitudo
416 2177 537 2228 disertos
548 2193 580 2228 ao
590 2179 720 2245 copiosos
731 2175 849 2228 iaceretl
869 2192 925 2229 non
942 2181 991 2234 du·

196 2244 317 2294 bitsntor
332 2257 390 2304 me,
409 2243 525 2310 petrone
539 2245 642 2310 optime
661 2259 693 2296 ac
707 2243 932 2307 clementissime,
949 2249 991 2300 di.
1050 2269 1051 2274 =

196 2319 278 2374 gnam
298 2309 423 2373 plurimis
436 2324 468 2362 sc
479 2311 606 2363 maximis
624 2312 679 2364 tuis
698 2325 765 2378 erga
783 2325 827 2362 me
846 2312 991 2368 beneficiis

197 2373 352 2425 orationem
374 2373 529 2429 habiturum
552 2392 614 2429 esso
636 2379 790 2447 profiterer.
825 2377 903 2431 Nunc
920 2382 989 2434 mibi

195 2437 298 2492 misero
309 2442 412 2508 omnin,
426 2452 537 2513 prester
547 2448 690 2514 egregium
700 2445 859 2500 celebrandi
867 2461 900 2497 oc
910 2461 989 2514 prae·

132 2541 141 2561 “
195 2543 318 2646 ‘uffheim
329 2551 485 2622 9¹⁰.M⁸¹.⁰'.³'
496 2552 610 2621 Parietes,
626 2555 793 2624 mediusfidius,
808 2557 834 2597 ut
843 2551 899 2598 mill
908 2553 987 2600 riden-

229 2631 259 2716 ·’·)
269 2610 877 2726 ll:illuitillustratibus„
894 2663 984 2710 nnus.

1046 2765 1051 2982 l
