2120 3018
114 193 117 198 ’
164 182 198 244 od
449 191 602 245 ORATlO
619 191 670 246 VI.

163 293 342 346 Aristotelem
365 295 445 360 aequi
465 294 613 357 malumus,
638 302 670 344 ut
688 295 838 362 quamlibet
856 295 960 349 honum

143 367 146 373 '
164 369 303 414 oratorem
314 375 376 413 esse
386 373 469 427 posce
481 361 618 422 dicamus,
634 361 716 412 etiam
736 364 782 431 qui
797 378 851 413 non
865 363 902 414 sit
916 367 961 416 vir
976 394 986 404 ι

162 429 265 490 bonus,
285 427 378 478 iacere
397 433 490 478 tamen
510 427 587 478 nullo
607 427 690 478 modo
710 443 869 493 possumus,
892 434 959 496 quin
989 452 991 456 ¹

163 509 223 546 eam
233 502 340 560 partem
355 491 563 560 philosophiae,
577 509 631 561 qua
640 493 794 547 formantur
808 511 913 560 mores,
928 510 957 549 o-

162 563 250 612 ratori
260 561 352 614 tuturo
365 561 551 615 necessariam
561 575 623 610 cose
634 559 779 615 fateamur.
810 561 956 622 Quomodo

163 631 236 680 enim
254 633 317 693 apte
336 626 495 692 etcopiose
515 631 564 677 aut
577 626 701 677 laudabit
719 635 766 679 aut
779 629 956 695 vituperabit,

162 695 216 748 nisi
230 695 278 760 qui
293 695 424 754 virtutum
442 692 627 771 vitiorumque
646 699 785 756 naturam,
809 696 957 762 exquibus
1024 740 1027 748 .

162 759 251 813 omnis
265 765 331 810 vera
341 760 401 810 laos
417 763 445 810 et
459 758 548 810 omnia
563 762 729 824 vituperatio
744 764 878 822 noscitur,
896 761 956 811 dili·

73 849 75 856 >
162 833 261 894 genter
281 828 421 891 cognitam
441 839 474 874 ac
492 831 688 890 pertractatam
705 825 848 878 habueritl
882 827 957 888 Quo·
1033 867 1039 878 .

161 892 244 946 modo
258 897 357 958 potens
373 898 401 941 et
410 891 508 951 efficax
516 892 545 942 iu
555 891 696 954 suadendo
711 900 758 945 aut
769 893 956 945 dissuadendo
987 899 991 908 '

161 959 271 1010 futuruu
286 963 341 1018 est,
360 958 419 1024 qul,
439 973 509 1023 quae
526 958 648 1012 secundo
663 957 761 1012 horum
774 961 906 1012 librorum
921 961 956 1010 de

162 1025 225 1078 utili
248 1031 330 1090 atque
349 1024 442 1074 inutili
462 1023 622 1088 traduntur,
651 1042 789 1094 nunquam
813 1027 958 1080 didiceritl

163 1092 237 1154 Quid
247 1098 313 1156 aget
322 1091 351 1141 in
360 1090 485 1152 iudiciis,
502 1091 548 1159 qui
559 1090 682 1142 iustitiae
693 1094 900 1162 iniustitiaeque
911 1109 956 1144 co-

163 1159 316 1226 gnitionem
330 1173 345 1208 e
360 1156 589 1224 philosophorum
605 1157 728 1209 fontibus
739 1157 848 1210 haurire
863 1157 956 1227 negless
1020 1163 1024 1170 “

162 1224 251 1276 xeritl
271 1217 312 1274 An
325 1239 392 1291 ego,
412 1225 437 1275 ai
444 1230 588 1290 troporum
604 1240 636 1275 ac
651 1223 820 1278 schematum
831 1227 957 1292 exempla

162 1291 303 1344 traderem
328 1299 356 1342 et
374 1292 498 1358 quotidie
513 1291 564 1342 illa
582 1291 836 1358 ludimagistrorum
853 1294 958 1345 dictata

165 1365 319 1420 cantarem,
334 1357 368 1410 de
384 1359 513 1420 exordio,
529 1358 563 1408 de
577 1357 727 1420 divisione,
740 1358 775 1410 de
789 1362 958 1422 narratione,
1048 1371 1051 1376 '

103 1421 108 1440 ‘
166 1423 200 1477 de
215 1427 438 1487 confirmatione,
456 1425 490 1478 de
502 1425 628 1493 epilogo,
644 1425 678 1476 de
690 1426 838 1492 generibus
849 1439 959 1478 caussa·

164 1507 235 1554 rum,
246 1491 279 1546 de
290 1493 418 1555 statibus,
429 1491 464 1544 ad
475 1506 544 1560 quae
554 1497 622 1608 puto
632 1491 686 1542 iam
697 1491 843 1556 multorum
855 1493 959 1544 evobic

165 1559 552 1639 au1·esoccallulsae‚plusro
574 1558 641 1610 laad
652 1559 836 1673 elpqpeutiam
846 1558 962 1640 prodes:
998 1602 999 1605 ,

166 1623 708 1758 tilithitlltllilllltilltlb
728 1625 962 1755 elil-‘llicit

119 1789 128 1800 ι
166 1758 327 1824 eloquentia
342 1774 396 1809 non
413 1759 560 1809 tantumin
580 1755 671 1804 verbis
686 1756 780 1821 posita
793 1764 848 1820 est,
868 1757 960 1810 sedin
987 1777 1005 1811 κ

149 1824 257 1893 rebus.
294 1825 543 1878 Praeclareautem
552 1819 730 1886 Horatius*)t
966 1813 984 1849 s

218 1924 356 1978 scabendi
366 1931 435 1976 recte
444 1935 536 1988 rupero
547 1927 585 1972 ert
593 1928 620 1970 et
625 1919 787 1991 principium
799 1921 903 1992 etfom.

216 1991 281 2043 Rem
292 1991 342 2042 tili
350 1986 504 2042 Socraticae
509 1994 640 2054 poterunt
649 1991 784 2041 ostendere
794 1989 923 2048 chartae,·
962 2015 974 2028 .,
1014 2022 1016 2024 -

221 2058 358 2126 Verbaque
363 2051 515 2124 praevisam
521 2054 559 2118 μ*)
571 2069 626 2106 rem
635 2055 782 2109 auctorita
792 2061 942 2119 aequentur.
986 2109 989 2114 ,

168 2159 224 2212 Sed
241 2164 272 2209 ut
286 2157 365 2210 Ixion
378 2153 406 2202 in
421 2149 523 2203 fabulis
538 2169 588 2221 pro
605 2154 710 2206 lunone
724 2153 835 2211 nubem,
853 2150 894 2199 ita
912 2149 962 2201 ho·
1032 2152 1033 2155 ’

165 2226 214 2276 die
227 2237 327 2289 magua
336 2235 399 2285 pars
410 2217 549 2270 homiuum
559 2237 608 2287 pro
618 2219 777 2285 eloquentia
786 2213 964 2281 amplectitur

168 2289 276 2340 inanem
290 2283 495 2354 loquacitatem.
530 2287 618 2354 Atque
627 2285 681 2336 hoc
691 2284 814 2334 deterius
830 2283 963 2348 cunt***)

103 2351 105 2356 ’
168 2370 225 2413 res,
242 2353 317 2421 quod
329 2353 377 2418 qui
393 2352 503 2405 omissio
516 2353 599 2404 rebus
611 2350 695 2401 verba
705 2355 813 2410 curant,
829 2361 863 2398 ne
877 2350 965 2402 verba
998 2374 1000 2380 ·

169 2421 279 2487 quidem
291 2421 359 2470 uatis
370 2425 478 2483 curant,
496 2424 614 2487 suntque
624 2418 653 2468 in
663 2415 713 2468 illo
723 2417 784 2485 ipio
799 2430 849 2468 suo
860 2417 964 2484 puerili
1058 2484 1059 2495 χ

205 2539 235 2652 'th
249 2535 453 2653 fflffiffim
463 2597 521 2652 quod
532 2602 568 2642 cit
576 2597 600 2640 iu
609 2595 676 2641 libila
686 2595 790 2653 plurimi·
800 2599 824 2640 ct
833 2594 926 2662 qptimia

156 2654 300 2764 9⁸:223*
319 2654 414 2760 “hm
430 2654 497 2717 xlv.
516 2659 550 2698 lt.
568 2655 654 2714 locipit
677 2667 715 2698 ret
733 2653 811 2698 metim
829 2663 873 2702 rra,
896 2661 963 2706 quam
