2140 3010
342 189 609 255 FRAGMENTA,
675 173 679 225 '·
751 183 770 224 Ἴ
832 199 881 250 ιιι
966 203 969 212 ‘

80 297 190 352 macule
208 303 291 350 antea
309 303 453 352 contracta
470 313 504 350 ao
523 303 652 366 suscepta
668 301 883 365 contaminarem

83 383 118 418 ex
137 365 263 417 omnibus
278 363 443 417 Christianis
458 367 609 432 provinciis
623 365 721 417 liorem
735 364 824 432 ipsu‘m
841 369 884 418 iu·-

81 433 204 484 vertutis
215 432 395 500 colligentes,
414 445 566 500 progressu
574 435 708 500 temporie
723 435 805 501 quasi
814 435 883 484 eivi-
952 464 955 469 -
1020 447 1025 455 ⁸

82 505 169 550 tatem
187 499 322 566 quandam
335 506 480 565 spectatae
494 499 653 551 nobilitatis
663 513 696 549 ec
708 501 819 551 virtutis
834 499 883 551 ho·

2 593 4 614 :
83 566 418 634 minum-uongregasunt.
451 565 619 618 Educationi
637 566 787 616 seeundum
803 581 820 616 a
835 581 884 621 na·

83 639 148 684 tura
169 631 260 682 locum
279 643 385 684 summo
400 646 538 684 consensu
550 639 661 684 veteres
676 632 718 683 illi
733 632 882 695 dederunt3

2 709 8 721 ”
27 753 31 761 ,
83 699 162 750 cuius
178 701 261 748 etiam
272 705 376 750 tantam
390 699 566 750 tradiderunt
584 713 648 750 esse
663 700 733 762 vim,
752 707 783 750 ut
797 707 845 762 et,
858 701 884 751 si

82 771 161 816 reeta
171 771 254 828 esset,
263 766 427 830 pravitatem
438 771 554 816 naturae
564 769 715 833 corrigere,
727 772 756 818 et
765 766 882 827 simale,

84 831 236 900 quamlibet
246 845 385 898 generosa
397 834 511 899 ingenia
523 832 674 900 depravare
689 838 794 900 posset.
829 833 883 884 lta·
948 861 949 864 =

83 911 137 964 que
146 897 314 948 nobilissimi
324 897 561 966 philosophorum,
575 899 657 950 Plato
670 901 883 962 etAristotelos,

65 1013 68 1017 ,
83 978 139 1015 non
153 969 258 1028 tantum
272 979 332 1016 eam
346 979 439 1016 euram
453 965 610 1046 incivitate
628 968 804 1047 praecipuam
819 982 883 1019 esee

83 1035 882 1169 titiiitttttiltt{misereaturtui

83 1164 135 1214 aiis
150 1165 224 1216 cives
239 1178 255 1215 a
272 1165 412 1232 pereundo
423 1165 578 1216 absterrere
588 1173 767 1230 conarentur,
788 1171 882 1235 potius
935 1221 946 1234 ,

52 1247 64 1262 ·
84 1245 165 1296 quam
186 1232 227 1282 eis
247 1245 264 1280 a
282 1231 421 1297 principio
436 1236 514 1280 reete
533 1233 683 1284 educandis
703 1235 827 1298 efficere,
851 1241 883 1286 ut

83 1305 181 1366 suapte
197 1302 296 1365 sponte
312 1303 340 1348 et
352 1297 445 1363 turpia
458 1296 588 1363 fugerent
601 1305 637 1350 et¹
648 1298 766 1351 honesta
784 1315 881 1368 ecque

82 1371 188 1415 rentur.
222 1363 281 1430 Age
294 1363 381 1430 igitur
396 1363 554 1429 rideamus,
568 1381 632 1418 num
646 1367 693 1434 qui
710 1368 739 1418 iu
753 1365 881 1419 habendo
907 1385 911 1394 ·

82 1430 216 1481 iuvenum
232 1427 343 1480 delectu
360 1433 465 1482 tantam
485 1430 660 1498 diligentium
677 1447 787 1501 semper
805 1433 882 1484 adhi-

1 1511 6 1522 ⁹
81 1497 217 1558 buerunt,
229 1495 364 1547 minorem
375 1511 468 1548 curam
476 1497 505 1547 in
515 1499 557 1548 eis
565 1499 746 1552 instituendis
761 1500 882 1551 colloca·v

70 1563 149 1614 ·rint.
190 1562 276 1614 lmmo
286 1577 362 1626 vero,
372 1563 536 1616 beatissime
543 1564 635 1628 Pater,
650 1567 690 1618 ita
700 1565 882 1618 soeassueiu·

83 1629 172 1693 ciunt,
188 1636 219 1680 ut
227 1644 327 1682 averso
339 1636 421 1698 etque
432 1631 590 1692 abalienato
601 1630 635 1684 ab
648 1634 773 1686 omnibus
784 1647 882 1702 corpo·

80 1711 192 1749 rourum
202 1696 373 1764 voluptatum
381 1697 576 1750 blandimentis
588 1702 679 1752 animo
691 1701 837 1768 segnitiem
849 1715 882 1753 ao

58 1805 63 1812 .
81 1763 240 1816 socordiam
256 1767 357 1816 mortis
373 1766 463 1826 inetur
480 1768 651 1832 existiterunt,
672 1775 792 1836 atquae
802 1768 881 1831 dura,

82 1830 181 1894 ardua,
203 1845 338 1898 perpessu
358 1833 482 1884 diflicilia
493 1840 569 1896 sunt,
591 1849 626 1886 ea
639 1835 703 1886 sola
714 1837 781 1887 viris
797 1835 884 1916 digna

82 1911 146 1950 cese
161 1904 294 1961 statuant3
313 1905 344 1950 ut
357 1898 592 1953 laboriosissimae
606 1901 732 1968 corporis
747 1909 881 1954 exercita·

80 1965 174 2016 tiones
186 1980 237 2033 pro
247 1965 314 2017 ludo
329 1971 411 2034 etque
422 1965 626 2019 oblectamento
644 1966 775 2032 habeant3
794 1975 829 2021 ut
840 1969 881 2020 ie·

39 2080 43 2086 .
81 2046 162 2093 mens,
178 2033 263 2095 sitim,
277 2032 381 2101 frigus,
398 2041 517 2098 aestum,
532 2035 669 2102 vigiliam,
683 2035 810 2098 uulnera,
825 2051 881 2088 nou

81 2099 131 2165 qui
140 2092 213 2151 ferse
223 2101 326 2166 possit,
340 2099 457 2164 fortem,
472 2101 522 2153 sed
532 2103 753 2169 quinonpossit,
767 2103 881 2156 mollem

81 2172 112 2216 et
124 2165 315 2218 effeminatum
325 2165 388 2219 esse
399 2167 514 2232 ducant;
534 2176 566 2220 at
581 2167 616 2220 ad
637 2165 724 2222 hostis
738 2177 881 2237 aspectum

80 2246 281 2299 expavescere,
296 2232 332 2286 ad
342 2229 593 2302 vulnueacceptuin
602 2236 799 2302 ingemiscere,
813 2236 882 2304 iuga

2 2315 3 2356 ς
78 2301 267 2368 potiusquam
275 2302 884 2365 manusulutisuaeeonsulere,iasnonesse·

2 2374 3 2384 ¹
80 2368 108 2418 ei
124 2368 171 2434 qui
185 2368 303 2420 eandida
314 2367 364 2420 illa
378 2371 472 2420 crucis
482 2369 605 2436 imagine
616 2375 714 2487 gertus
729 2371 879 2432 ornaverit,

13 2477 17 2490 .
79 2433 256 2488 arbitrentur.
300 2435 344 2487 lta
361 2436 424 2498 tibi,
444 2435 605 2487 beatissime
641 2443 713 2499 ater,
737 2438 779 2489 ita
796 2437 878 2489 nobis

78 2501 217 2562 universis
231 2501 332 2553 educat
345 2503 410 2554 illos
423 2504 502 2570 quasi
516 2504 752 2570 magnanimorum
766 2503 878 2555 ieonum

78 2567 199 2630 catulos,
214 2566 296 2620 liuius
305 2571 380 2620 ritae
390 2575 608 2637 contemptores,
620 2570 769 2638 religionis
777 2585 877 2638 propu-

77 2640 228 2700 gnarures,
244 2637 398 2689 Terrarum
417 2644 639 2704 oppugnatores,
660 2638 753 2689 insula
769 2636 876 2696 Melita,

75 2715 163 2768 perra
181 2700 292 2769 quidem
312 2709 341 2755 et
359 2715 472 2771 uperu,
491 2709 523 2754 ut
534 2703 788 2822 Ulyesgezpatriam
800 2717 878 2756 susm

918 1723 925 1732 ’

978 2231 984 2236 ·
