2120 3018
177 177 193 226 i
455 176 696 230 PRAEFATIO.

176 275 261 326 maiar
273 290 381 343 operare
394 283 579 328 ornamentum
587 282 620 326 -et
629 273 792 342 praeridium
807 271 979 328 meritirrima

173 351 270 412 potent.
307 341 399 410 Neque
409 359 470 394 aero
481 349 536 392 tam
546 343 592 392 diu
601 342 788 393 dirtulieremur
797 349 980 408 exepectatam

176 426 193 460 a
212 409 300 460 mallit
315 417 342 460 et
353 408 496 474 expetitam
511 407 664 469 editionem,
684 407 736 458 niti
748 407 777 456 in
791 407 980 474 conquirendie
1047 461 1048 483 Χ

161 490 162 501 ’
177 475 355 536 orationibus,
371 491 438 540 quae
448 473 550 542 partim
564 473 592 524 in
607 473 709 525 Mureti
720 473 880 524 adoerrariir
899 482 979 524 erant
1047 487 1048 492 ¹

176 534 316 620 dirperrue,
323 539 426 607 partim
437 540 470 590 ab
481 539 695 608 aauciesuerunt
703 538 897 606 mprimendae,
907 565 939 577 -
951 547 980 590 et

175 623 199 658 re
209 622 263 658 non
273 614 394 673 repertae
404 621 500 666 omnee,
507 613 532 657 et
542 606 638 659 aarum
649 605 937 674 aliquotimperseetae,
944 634 977 644 -

175 674 286 724 nueltum
310 671 409 740 suimet
429 671 625 728 elaborandum.
661 672 723 728 Hac
749 672 809 723 dam
835 670 977 740 efficimur,

177 737 380 806 quadriennium
404 737 519 808 effluxit.
555 739 596 790 Et
616 745 759 806 aequentur
781 738 901 805 deincepr
921 737 997 792 alia*

176 804 260 855 divini
267 803 337 855 illiue
344 804 448 872 ingenii
456 813 634 856 monumenta.
674 803 783 856 Utinam
793 813 893 865 autm,
911 817 977 870 qua·

176 870 207 930 lie
224 879 271 921 tua
285 871 339 922 erit
356 872 438 924 tutela
454 873 630 926 contruendatn'
645 871 744 938 aperie,
765 872 827 922 talir
839 886 897 923 mea
908 878 977 921 erret
1047 895 1048 906 π

176 937 383 992 carimendantr'e
385 937 523 1007 facultati
527 973 530 980 -
542 936 712 990 (intenderem
720 937 859 1006 profecto,
874 931 980 988 Mureti

178 999 322 1054 Orationer
337 1011 451 1076 propter
463 1019 591 1055 eummam
609 1002 930 1070 verborumeleguntn‘am
948 1009 978 1054 et

176 1068 281 1136 copiam
296 1086 385 1121 rerum
400 1070 623 1136 pulcerrimarum
641 1071 702 1136 tibi,
723 1071 781 1122 aira
798 1065 974 1121 eruditirrima

175 1134 397 1202 politieeimoque,
417 1135 527 1202 proprie
546 1140 755 1200 commendatae,
776 1145 804 1188 et
822 1144 847 1188 te
861 1150 914 1203 pro
934 1143 977 1186 ter
1047 1139 1048 1144 ’

175 1201 355 1252 incredibilem
365 1202 573 1268 magnitudinem
587 1205 680 1267 animi,
695 1203 870 1272 grauitatem,
879 1151 974 1280 fifem,

176 1267 311 1334 cupienter
324 1269 461 1331 delectum,
478 1269 525 1336 qui
532 1285 623 1322 earum
634 1270 885 1326 commendationem
893 1283 976 1320 euwa-

174 1349 264 1400 perea,
285 1333 383 1402 suinae.
419 1333 473 1386 Sed
495 1335 597 1388 Mureti
618 1337 768 1408 eloquentia
796 1335 976 1388 laudationem

176 1412 261 1452 meam
274 1416 327 1450 non
340 1397 482 1465 desiderat,
500 1411 528 1454 et
539 1405 596 1454 laur
611 1405 711 1466 tuu‘ita
725 1419 785 1454 rere
799 1409 976 1478 accurateque
997 1438 1002 1444 .

177 1475 217 1518 ert
229 1483 245 1518 a
254 1467 485 1536 praeerantimimo
496 1480 604 1522 oratore
613 1471 723 1540 viroque
740 1467 932 1537 rapientirmmo
945 1466 976 1516 in

177 1533 345 1599 epietola'ad
356 1534 434 1600 prius
456 1538 576 1589 volumen
602 1553 739 1605 exprerra,
764 1545 797 1587 ut
816 1550 848 1594 ea
867 1531 977 1584 adducti

178 1615 279 1661 ornnes,
294 1600 373 1651 etiam
388 1602 434 1680 qui
448 1611 473 1654 te
482 1605 683 1666 nonuidetunt,
693 1603 851 1668 'ringularee
864 1599 976 1649 uirtutes

178 1673 238 1716 tuae
264 1667 395 1722 admirare
422 1686 455 1722 aa
469 1673 600 1742 empiceee
627 1675 769 1737 cogantur.
807 1665 977 1728 Quamquam

177 1731 245 1796 mili
253 1742 317 1784 eunt
326 1743 353 1785 et
364 1735 433 1788 aliae
441 1754 561 1801 cautuae,
578 1745 635 1794 tum
647 1747 795 1786 comumnes
809 1731 906 1782 multae
916 1743 977 1781 cum
1047 1729 1048 1740 ¹

177 1798 241 1849 meir
259 1800 405 1866 soaotttor,
427 1821 538 1872 quorum
559 1801 674 1860 omnium
692 1796 789 1852 eximia
807 1803 847 1848 ert
864 1811 931 1862 erga
949 1803 976 1848 te

178 1865 358 1932 alternantia,
379 1875 435 1924 tum
449 1869 578 1939 propriae
596 1867 699 1934 aliquot
716 1879 796 1916 meae.
835 1859 889 1916 Tot
904 1861 977 1916 enim

178 1932 338 1994 exrtiterunt
346 1944 407 1988 tuae
421 1953 488 2004 erga
498 1953 538 1990 me
549 1931 722 1988 nuntanitatir
735 1937 893 1998 argumenta
907 1937 975 1981 tam·

180 2014 229 2064 quc
237 1998 360 2064 illustria,
371 2011 402 2052 nt
410 2017 572 2070 magnopere
579 2000 693 2053 laetatus
703 1997 761 2059 rim,
771 1997 901 2049 eartitieee
911 2005 975 2047 tem·

198 2081 239 2127 ue,
250 2069 305 2134 ‘quo
314 2067 494 2137 intelligerent
508 2081 595 2121 omnee
610 2073 638 2115 et
648 2072 677 2116 tu
687 2064 819 2132 inprimit,
835 2063 975 2124 Bencium,

210 2133 282 2183 ureti
289 2134 455 2201 discipulum,
471 2131 522 2186 leoc
534 2131 615 2184 etiam
625 2142 642 2182 a
651 2132 781 2199 magiotro
793 2131 925 2196 didieiiee,
944 2137 976 2180 ut

94 2243 96 2248 .
178 2197 207 2248 in
217 2195 340 2266 Scipione
354 2199 486 2320 Gonnppa
499 2197 641 2249 unrttnote
654 2199 767 2254 arnardo
778 2207 806 2250 et
814 2199 920 2252 calendo
931 2211 976 2250 ne·

178 2265 245 2320 mlnl
254 2267 389 2316 concedat.
454 2263 571 2332 triueque
581 2265 622 2317 rei
629 2265 756 2332 indicium
764 2265 819 2318 erit
826 2261 977 2320 nonumloc

179 2345 281 2392 manue,
292 2331 363 2396 quad
371 2328 421 2380 tili
428 2337 576 2386 utrenooet
582 2334 736 2388 memoriam
747 2331 847 2390 mortui
856 2339 883 2382 et
892 2331 977 2386 teru-
997 2385 1001 2391 ,

179 2407 220 2446 ret
235 2399 397 2448 uoluntatem
409 2398 569 2470 ruperrtitir,
588 2399 673 2468 iprum
688 2416 749 2453 aero
769 2397 979 2451 satientatis

177 2461 453 2596 gpqqzdgapqqquarre
468 2464 591 2532 intereat,
604 2465 730 2552 offertur.
749 2465 830 2540 Vale.
855 2463 978 2544 Malle·

436 2659 438 2664 '
477 2663 682 2688 *-
