<?xml version="1.0" encoding="UTF-8"?>
<!DOCTYPE html PUBLIC "-//W3C//DTD XHTML 1.0 Transitional//EN"
    "http://www.w3.org/TR/xhtml1/DTD/xhtml1-transitional.dtd">
<html xmlns="http://www.w3.org/1999/xhtml" xml:lang="en" lang="en">
 <head>
  <title>
</title>
<meta http-equiv="Content-Type" content="text/html;charset=utf-8" />
  <meta name='ocr-system' content='tesseract 3.04.00' />
  <meta name='ocr-capabilities' content='ocr_page ocr_carea ocr_par ocr_line ocrx_word'/>
</head>
<body>
  <div class='ocr_page' id='page_1' title='image "./mantoniimuretie01muregoog_0077.png"; bbox 0 0 2120 3018; ppageno 0'>
   <div class='ocr_carea' id='block_1_1' title="bbox 154 165 672 224">
    <p class='ocr_par' dir='ltr' id='par_1_1' title="bbox 154 165 672 224">
     <span class='ocr_line' id='line_1_1' title="bbox 154 165 672 224; baseline -0.004 0"><span class='ocrx_word' id='word_1_1' title='bbox 154 165 188 224; x_wconf 73' lang='lat' dir='ltr'><strong>fil)</strong></span> <span class='ocrx_word' id='word_1_2' title='bbox 323 189 326 196; x_wconf 55' lang='lat'>¹</span> <span class='ocrx_word' id='word_1_3' title='bbox 434 167 588 222; x_wconf 75' lang='lat' dir='ltr'><strong>oun&#39;rlo</strong></span> <span class='ocrx_word' id='word_1_4' title='bbox 605 169 672 222; x_wconf 81' lang='lat' dir='ltr'><strong>vii.</strong></span> 
     </span>
    </p>
   </div>
   <div class='ocr_carea' id='block_1_2' title="bbox 187 253 926 340">
    <p class='ocr_par' dir='ltr' id='par_1_2' title="bbox 187 253 926 340">
     <span class='ocr_line' id='line_1_2' title="bbox 187 253 926 340; baseline 0.001 -16"><span class='ocrx_word' id='word_1_5' title='bbox 187 272 280 337; x_wconf 72' lang='lat' dir='ltr'><strong>perlis,</strong></span> <span class='ocrx_word' id='word_1_6' title='bbox 292 286 359 340; x_wconf 79' lang='lat' dir='ltr'><strong>quoe</strong></span> <span class='ocrx_word' id='word_1_7' title='bbox 368 269 460 324; x_wconf 62' lang='lat' dir='ltr'><strong>&amp;cnido</strong></span> <span class='ocrx_word' id='word_1_8' title='bbox 472 253 795 339; x_wconf 73' lang='lat' dir='ltr'><strong>quepuepomntaclliere</strong></span> <span class='ocrx_word' id='word_1_9' title='bbox 804 279 926 338; x_wconf 79' lang='lat' dir='ltr'><strong>mentem,</strong></span> 
     </span>
    </p>
   </div>
   <div class='ocr_carea' id='block_1_3' title="bbox 152 352 954 622">
    <p class='ocr_par' dir='ltr' id='par_1_3' title="bbox 152 352 954 622">
     <span class='ocr_line' id='line_1_3' title="bbox 153 352 952 422; baseline -0.001 -13"><span class='ocrx_word' id='word_1_10' title='bbox 153 359 193 410; x_wconf 85' lang='lat' dir='ltr'><strong>eit</strong></span> <span class='ocrx_word' id='word_1_11' title='bbox 203 357 382 420; x_wconf 80' lang='lat' dir='ltr'><strong>Horatius*),</strong></span> <span class='ocrx_word' id='word_1_12' title='bbox 392 365 423 406; x_wconf 92' lang='lat' dir='ltr'><strong>ut</strong></span> <span class='ocrx_word' id='word_1_13' title='bbox 433 370 488 406; x_wconf 94' lang='lat' dir='ltr'><strong>non</strong></span> <span class='ocrx_word' id='word_1_14' title='bbox 498 352 582 406; x_wconf 86' lang='lat' dir='ltr'><strong>modo</strong></span> <span class='ocrx_word' id='word_1_15' title='bbox 592 369 649 417; x_wconf 87' lang='lat' dir='ltr'><strong>me,</strong></span> <span class='ocrx_word' id='word_1_16' title='bbox 660 355 706 422; x_wconf 90' lang='lat' dir='ltr'><strong>qui</strong></span> <span class='ocrx_word' id='word_1_17' title='bbox 718 355 831 420; x_wconf 88' lang='lat' dir='ltr'><strong>eodem,</strong></span> <span class='ocrx_word' id='word_1_18' title='bbox 841 363 872 408; x_wconf 89' lang='lat' dir='ltr'><strong>ut</strong></span> <span class='ocrx_word' id='word_1_19' title='bbox 883 357 952 421; x_wconf 79' lang='lat' dir='ltr'><strong>dixi,</strong></span> 
     </span>
     <span class='ocr_line' id='line_1_4' title="bbox 153 421 954 492; baseline 0 -17"><span class='ocrx_word' id='word_1_20' title='bbox 153 423 371 492; x_wconf 72' lang='lat' dir='ltr'><strong>propendebant,</strong></span> <span class='ocrx_word' id='word_1_21' title='bbox 385 421 435 474; x_wconf 89' lang='lat' dir='ltr'><strong>sed</strong></span> <span class='ocrx_word' id='word_1_22' title='bbox 449 421 600 488; x_wconf 86' lang='lat' dir='ltr'><strong>quemlibet</strong></span> <span class='ocrx_word' id='word_1_23' title='bbox 613 422 710 484; x_wconf 81' lang='lat' dir='ltr'><strong>ulium,</strong></span> <span class='ocrx_word' id='word_1_24' title='bbox 731 423 777 473; x_wconf 86' lang='lat' dir='ltr'><strong>vel</strong></span> <span class='ocrx_word' id='word_1_25' title='bbox 791 424 954 490; x_wconf 81' lang='lat' dir='ltr'><strong>eloquentia</strong></span> 
     </span>
     <span class='ocr_line' id='line_1_5' title="bbox 152 487 950 555; baseline 0 -13"><span class='ocrx_word' id='word_1_26' title='bbox 152 492 197 542; x_wconf 84' lang='lat' dir='ltr'><strong>vel</strong></span> <span class='ocrx_word' id='word_1_27' title='bbox 216 491 382 542; x_wconf 77' lang='lat' dir='ltr'><strong>auctoritate</strong></span> <span class='ocrx_word' id='word_1_28' title='bbox 402 503 464 549; x_wconf 83' lang='lat' dir='ltr'><strong>suo,</strong></span> <span class='ocrx_word' id='word_1_29' title='bbox 485 501 539 555; x_wconf 88' lang='lat' dir='ltr'><strong>quo</strong></span> <span class='ocrx_word' id='word_1_30' title='bbox 558 487 656 552; x_wconf 82' lang='lat' dir='ltr'><strong>vellet,</strong></span> <span class='ocrx_word' id='word_1_31' title='bbox 675 488 842 555; x_wconf 76' lang='lat' dir='ltr'>impulsatus</span> <span class='ocrx_word' id='word_1_32' title='bbox 861 490 950 542; x_wconf 83' lang='lat' dir='ltr'><strong>luisse</strong></span> 
     </span>
     <span class='ocr_line' id='line_1_6' title="bbox 152 553 950 622; baseline -0.001 -13"><span class='ocrx_word' id='word_1_33' title='bbox 152 559 286 610; x_wconf 70' lang='lat' dir='ltr'><strong>rideatur.</strong></span> <span class='ocrx_word' id='word_1_34' title='bbox 320 555 398 605; x_wconf 88' lang='lat' dir='ltr'><strong>Illius</strong></span> <span class='ocrx_word' id='word_1_35' title='bbox 408 553 494 620; x_wconf 81' lang='lat' dir='ltr'><strong>igitur</strong></span> <span class='ocrx_word' id='word_1_36' title='bbox 504 555 644 620; x_wconf 81' lang='lat' dir='ltr'><strong>auspiciis,</strong></span> <span class='ocrx_word' id='word_1_37' title='bbox 656 555 729 622; x_wconf 89' lang='lat' dir='ltr'><strong>quod</strong></span> <span class='ocrx_word' id='word_1_38' title='bbox 740 553 809 608; x_wconf 80' lang='lat' dir='ltr'><strong>felix</strong></span> <span class='ocrx_word' id='word_1_39' title='bbox 818 554 950 608; x_wconf 81' lang='lat' dir='ltr'><strong>faustum·</strong></span> 
     </span>
    </p>
   </div>
   <div class='ocr_carea' id='block_1_4' title="bbox 72 617 949 691">
    <p class='ocr_par' dir='ltr' id='par_1_4' title="bbox 72 617 949 691">
     <span class='ocr_line' id='line_1_7' title="bbox 72 617 949 691; baseline -0.001 -16"><span class='ocrx_word' id='word_1_40' title='bbox 72 622 77 628; x_wconf 75' lang='grc'><strong>“</strong></span> <span class='ocrx_word' id='word_1_41' title='bbox 152 640 205 691; x_wconf 87' lang='lat' dir='ltr'><strong>que</strong></span> <span class='ocrx_word' id='word_1_42' title='bbox 219 624 268 684; x_wconf 88' lang='lat' dir='ltr'><strong>sit,</strong></span> <span class='ocrx_word' id='word_1_43' title='bbox 282 620 372 673; x_wconf 80' lang='lat' dir='ltr'><strong>bornae</strong></span> <span class='ocrx_word' id='word_1_44' title='bbox 391 621 452 686; x_wconf 89' lang='lat' dir='ltr'><strong>spel</strong></span> <span class='ocrx_word' id='word_1_45' title='bbox 466 620 577 686; x_wconf 84' lang='lat' dir='ltr'><strong>plenus,</strong></span> <span class='ocrx_word' id='word_1_46' title='bbox 595 620 630 688; x_wconf 72' lang='lat' dir='ltr'><strong>od</strong></span> <span class='ocrx_word' id='word_1_47' title='bbox 645 617 698 672; x_wconf 84' lang='lat' dir='ltr'><strong>hoc</strong></span> <span class='ocrx_word' id='word_1_48' title='bbox 707 621 775 673; x_wconf 87' lang='lat' dir='ltr'><strong>mihi</strong></span> <span class='ocrx_word' id='word_1_49' title='bbox 788 623 903 673; x_wconf 78' lang='lat' dir='ltr'><strong>arduum</strong></span> <span class='ocrx_word' id='word_1_50' title='bbox 917 639 949 674; x_wconf 86' lang='lat' dir='ltr'><strong>ac</strong></span> 
     </span>
    </p>
   </div>
   <div class='ocr_carea' id='block_1_5' title="bbox 121 686 950 1354">
    <p class='ocr_par' dir='ltr' id='par_1_5' title="bbox 121 686 950 1136">
     <span class='ocr_line' id='line_1_8' title="bbox 152 686 950 753; baseline -0.001 -11"><span class='ocrx_word' id='word_1_51' title='bbox 152 686 449 748; x_wconf 80' lang='lat' dir='ltr'><strong>lsb01·iosum,v0bis,</strong></span> <span class='ocrx_word' id='word_1_52' title='bbox 472 691 502 738; x_wconf 88' lang='lat' dir='ltr'><strong>ut</strong></span> <span class='ocrx_word' id='word_1_53' title='bbox 523 701 617 753; x_wconf 85' lang='lat' dir='ltr'><strong>spero,</strong></span> <span class='ocrx_word' id='word_1_54' title='bbox 637 687 707 740; x_wconf 87' lang='lat' dir='ltr'><strong>utile</strong></span> <span class='ocrx_word' id='word_1_55' title='bbox 726 703 758 739; x_wconf 83' lang='lat' dir='ltr'><strong>ac</strong></span> <span class='ocrx_word' id='word_1_56' title='bbox 777 687 950 741; x_wconf 80' lang='lat' dir='ltr'><strong>fructuosum</strong></span> 
     </span>
     <span class='ocr_line' id='line_1_9' title="bbox 151 751 949 819; baseline -0.004 -11"><span class='ocrx_word' id='word_1_57' title='bbox 151 771 248 808; x_wconf 90' lang='lat' dir='ltr'><strong>munus</strong></span> <span class='ocrx_word' id='word_1_58' title='bbox 258 753 399 819; x_wconf 82' lang='lat' dir='ltr'><strong>accingor.</strong></span> <span class='ocrx_word' id='word_1_59' title='bbox 434 751 469 805; x_wconf 87' lang='lat' dir='ltr'><strong>Et</strong></span> <span class='ocrx_word' id='word_1_60' title='bbox 480 752 609 819; x_wconf 82' lang='lat' dir='ltr'><strong>quoniam</strong></span> <span class='ocrx_word' id='word_1_61' title='bbox 620 753 730 806; x_wconf 90' lang='lat' dir='ltr'><strong>consilii</strong></span> <span class='ocrx_word' id='word_1_62' title='bbox 740 756 795 806; x_wconf 89' lang='lat' dir='ltr'><strong>mei</strong></span> <span class='ocrx_word' id='word_1_63' title='bbox 803 755 949 819; x_wconf 77' lang='lat' dir='ltr'><strong>rationem,</strong></span> 
     </span>
     <span class='ocr_line' id='line_1_10' title="bbox 150 819 948 886; baseline -0.001 -12"><span class='ocrx_word' id='word_1_64' title='bbox 150 828 228 874; x_wconf 83' lang='lat' dir='ltr'><strong>tanto</strong></span> <span class='ocrx_word' id='word_1_65' title='bbox 244 821 404 886; x_wconf 80' lang='lat' dir='ltr'><strong>praesertim</strong></span> <span class='ocrx_word' id='word_1_66' title='bbox 415 827 528 870; x_wconf 83' lang='lat' dir='ltr'><strong>auctore</strong></span> <span class='ocrx_word' id='word_1_67' title='bbox 541 819 699 883; x_wconf 78' lang='lat' dir='ltr'><strong>subnixam,</strong></span> <span class='ocrx_word' id='word_1_68' title='bbox 713 824 781 872; x_wconf 86' lang='lat' dir='ltr'><strong>satis</strong></span> <span class='ocrx_word' id='word_1_69' title='bbox 797 821 851 872; x_wconf 82' lang='lat' dir='ltr'><strong>iam</strong></span> <span class='ocrx_word' id='word_1_70' title='bbox 863 821 948 874; x_wconf 76' lang='lat' dir='ltr'><strong>onini-</strong></span> 
     </span>
     <span class='ocr_line' id='line_1_11' title="bbox 142 883 947 956; baseline -0.004 -15"><span class='ocrx_word' id='word_1_71' title='bbox 142 889 201 941; x_wconf 85' lang='lat' dir='ltr'><strong>.bus</strong></span> <span class='ocrx_word' id='word_1_72' title='bbox 211 885 354 952; x_wconf 83' lang='lat' dir='ltr'><strong>probatum</strong></span> <span class='ocrx_word' id='word_1_73' title='bbox 365 899 427 936; x_wconf 87' lang='lat' dir='ltr'><strong>esse</strong></span> <span class='ocrx_word' id='word_1_74' title='bbox 438 883 561 946; x_wconf 85' lang='lat' dir='ltr'><strong>conlido,</strong></span> <span class='ocrx_word' id='word_1_75' title='bbox 574 887 677 937; x_wconf 82' lang='lat' dir='ltr'>accedo</span> <span class='ocrx_word' id='word_1_76' title='bbox 689 887 723 938; x_wconf 83' lang='lat' dir='ltr'><strong>ud</strong></span> <span class='ocrx_word' id='word_1_77' title='bbox 735 903 780 949; x_wconf 83' lang='lat' dir='ltr'><strong>eu,</strong></span> <span class='ocrx_word' id='word_1_78' title='bbox 795 903 865 956; x_wconf 83' lang='lat' dir='ltr'><strong>quoe</strong></span> <span class='ocrx_word' id='word_1_79' title='bbox 875 886 947 938; x_wconf 88' lang='lat' dir='ltr'><strong>cele·</strong></span> 
     </span>
     <span class='ocr_line' id='line_1_12' title="bbox 141 946 948 1034; baseline -0.002 -28"><span class='ocrx_word' id='word_1_80' title='bbox 141 946 263 1006; x_wconf 75' lang='lat' dir='ltr'><strong>&#39;berrimi</strong></span> <span class='ocrx_word' id='word_1_81' title='bbox 272 951 431 1006; x_wconf 80' lang='lat' dir='ltr'><strong>Aristotelis</strong></span> <span class='ocrx_word' id='word_1_82' title='bbox 444 954 610 1017; x_wconf 80' lang='lat' dir='ltr'><strong>interpretes</strong></span> <span class='ocrx_word' id='word_1_83' title='bbox 623 955 755 1034; x_wconf 75' lang='lat' dir='ltr'><strong>cuiusque</strong></span> <span class='ocrx_word' id='word_1_84' title='bbox 770 953 833 1004; x_wconf 89' lang='lat' dir='ltr'><strong>libri</strong></span> <span class='ocrx_word' id='word_1_85' title='bbox 848 955 948 1021; x_wconf 87' lang='lat' dir='ltr'><strong>princi·</strong></span> 
     </span>
     <span class='ocr_line' id='line_1_13' title="bbox 121 1021 949 1136; baseline 0.004 -66"><span class='ocrx_word' id='word_1_86' title='bbox 121 1027 134 1084; x_wconf 53' lang='lat' dir='ltr'><em>j</em></span> <span class='ocrx_word' id='word_1_87' title='bbox 150 1021 197 1088; x_wconf 94' lang='lat' dir='ltr'><strong>pio</strong></span> <span class='ocrx_word' id='word_1_88' title='bbox 225 1024 354 1069; x_wconf 79' lang='lat' dir='ltr'><strong>accurate</strong></span> <span class='ocrx_word' id='word_1_89' title='bbox 381 1024 501 1068; x_wconf 78' lang='lat' dir='ltr'><strong>tractare</strong></span> <span class='ocrx_word' id='word_1_90' title='bbox 526 1033 559 1068; x_wconf 86' lang='lat' dir='ltr'><strong>oc</strong></span> <span class='ocrx_word' id='word_1_91' title='bbox 586 1025 716 1136; x_wconf 64' lang='lat' dir='ltr'><strong>persequl</strong></span> <span class='ocrx_word' id='word_1_92' title='bbox 742 1021 843 1072; x_wconf 88' lang='lat' dir='ltr'><strong>solent.</strong></span> <span class='ocrx_word' id='word_1_93' title='bbox 878 1021 949 1073; x_wconf 83' lang='lat' dir='ltr'>Sunt</span> 
     </span>
    </p>

    <p class='ocr_par' dir='ltr' id='par_1_6' title="bbox 130 1085 949 1354">
     <span class='ocr_line' id='line_1_14' title="bbox 151 1085 948 1151; baseline 0.001 -13"><span class='ocrx_word' id='word_1_94' title='bbox 151 1094 242 1138; x_wconf 79' lang='lat' dir='ltr'><strong>autem</strong></span> <span class='ocrx_word' id='word_1_95' title='bbox 255 1085 303 1136; x_wconf 82' lang='lat' dir='ltr'><strong>ills</strong></span> <span class='ocrx_word' id='word_1_96' title='bbox 312 1097 425 1136; x_wconf 83' lang='lat' dir='ltr'><strong>numero</strong></span> <span class='ocrx_word' id='word_1_97' title='bbox 437 1089 551 1151; x_wconf 85' lang='lat' dir='ltr'><strong>septem.</strong></span> <span class='ocrx_word' id='word_1_98' title='bbox 611 1087 709 1138; x_wconf 75' lang='lat' dir='ltr'><strong>limum</strong></span> <span class='ocrx_word' id='word_1_99' title='bbox 717 1090 789 1138; x_wconf 91' lang='lat' dir='ltr'><strong>enim</strong></span> <span class='ocrx_word' id='word_1_100' title='bbox 801 1088 948 1141; x_wconf 85' lang='lat' dir='ltr'><strong>videndum</strong></span> 
     </span>
     <span class='ocr_line' id='line_1_15' title="bbox 152 1149 947 1221; baseline 0 -17"><span class='ocrx_word' id='word_1_101' title='bbox 152 1159 208 1214; x_wconf 86' lang='lat' dir='ltr'><strong>est,</strong></span> <span class='ocrx_word' id='word_1_102' title='bbox 230 1150 296 1219; x_wconf 91' lang='lat' dir='ltr'><strong>quid</strong></span> <span class='ocrx_word' id='word_1_103' title='bbox 317 1151 354 1220; x_wconf 66' lang='lat'><strong>³¹¹,</strong></span> <span class='ocrx_word' id='word_1_104' title='bbox 366 1149 409 1202; x_wconf 88' lang='lat' dir='ltr'><strong>his</strong></span> <span class='ocrx_word' id='word_1_105' title='bbox 429 1150 508 1202; x_wconf 85' lang='lat' dir='ltr'><strong>libris</strong></span> <span class='ocrx_word' id='word_1_106' title='bbox 527 1153 687 1205; x_wconf 80' lang='lat' dir='ltr'><strong>Aristotelis</strong></span> <span class='ocrx_word' id='word_1_107' title='bbox 710 1155 881 1221; x_wconf 85' lang='lat' dir='ltr'><strong>propositum</strong></span> <span class='ocrx_word' id='word_1_108' title='bbox 901 1155 947 1218; x_wconf 86' lang='lat' dir='ltr'><strong>sit,</strong></span> 
     </span>
     <span class='ocr_line' id='line_1_16' title="bbox 130 1216 948 1288; baseline 0.004 -18"><span class='ocrx_word' id='word_1_109' title='bbox 130 1278 136 1286; x_wconf 16' lang='grc' dir='ltr'>κ</span> <span class='ocrx_word' id='word_1_110' title='bbox 152 1218 227 1288; x_wconf 83' lang='lat' dir='ltr'><strong>quod</strong></span> <span class='ocrx_word' id='word_1_111' title='bbox 237 1219 279 1270; x_wconf 90' lang='lat' dir='ltr'><strong>illi</strong></span> <span class='ocrx_word' id='word_1_112' title='bbox 289 1216 387 1269; x_wconf 78' lang='grc' dir='ltr'><strong><em>σκοπόν</em></strong></span> <span class='ocrx_word' id='word_1_113' title='bbox 396 1223 507 1282; x_wconf 81' lang='lat' dir='ltr'><strong>vocant3</strong></span> <span class='ocrx_word' id='word_1_114' title='bbox 526 1224 584 1269; x_wconf 93' lang='lat' dir='ltr'><strong>tum</strong></span> <span class='ocrx_word' id='word_1_115' title='bbox 594 1235 664 1287; x_wconf 82' lang='lat' dir='ltr'><strong>quae</strong></span> <span class='ocrx_word' id='word_1_116' title='bbox 675 1221 781 1272; x_wconf 81' lang='lat' dir='ltr'><strong>utilitas</strong></span> <span class='ocrx_word' id='word_1_117' title='bbox 793 1235 827 1272; x_wconf 84' lang='lat' dir='ltr'><strong>ex</strong></span> <span class='ocrx_word' id='word_1_118' title='bbox 837 1235 948 1273; x_wconf 77' lang='lat' dir='ltr'><strong>accura-</strong></span> 
     </span>
     <span class='ocr_line' id='line_1_17' title="bbox 152 1285 949 1354; baseline -0.001 -15"><span class='ocrx_word' id='word_1_119' title='bbox 152 1295 181 1339; x_wconf 77' lang='lat' dir='ltr'><strong>tu</strong></span> <span class='ocrx_word' id='word_1_120' title='bbox 199 1299 296 1337; x_wconf 85' lang='lat' dir='ltr'><strong>eorum</strong></span> <span class='ocrx_word' id='word_1_121' title='bbox 316 1285 592 1352; x_wconf 78' lang='lat' dir='ltr'><strong>pervolutatione**)</strong></span> <span class='ocrx_word' id='word_1_122' title='bbox 612 1288 718 1352; x_wconf 78' lang='lat' dir='ltr'><strong>sperari</strong></span> <span class='ocrx_word' id='word_1_123' title='bbox 738 1294 832 1354; x_wconf 83' lang='lat' dir='ltr'><strong>queat3</strong></span> <span class='ocrx_word' id='word_1_124' title='bbox 854 1289 949 1350; x_wconf 82' lang='lat' dir='ltr'><strong>tertio,</strong></span> 
     </span>
    </p>
   </div>
   <div class='ocr_carea' id='block_1_6' title="bbox 55 1353 949 1422">
    <p class='ocr_par' dir='ltr' id='par_1_7' title="bbox 55 1353 949 1422">
     <span class='ocr_line' id='line_1_18' title="bbox 55 1353 949 1422; baseline 0 -18"><span class='ocrx_word' id='word_1_125' title='bbox 55 1413 58 1421; x_wconf 31' lang='lat' dir='ltr'><em>s</em></span> <span class='ocrx_word' id='word_1_126' title='bbox 154 1367 223 1422; x_wconf 85' lang='lat' dir='ltr'><strong>quac</strong></span> <span class='ocrx_word' id='word_1_127' title='bbox 237 1353 273 1405; x_wconf 88' lang='lat' dir='ltr'><strong>sit</strong></span> <span class='ocrx_word' id='word_1_128' title='bbox 286 1354 328 1404; x_wconf 86' lang='lat' dir='ltr'><strong>vis</strong></span> <span class='ocrx_word' id='word_1_129' title='bbox 343 1367 375 1402; x_wconf 87' lang='lat' dir='ltr'><strong>oc</strong></span> <span class='ocrx_word' id='word_1_130' title='bbox 389 1353 460 1404; x_wconf 83' lang='lat' dir='ltr'><strong>ratio</strong></span> <span class='ocrx_word' id='word_1_131' title='bbox 471 1353 673 1420; x_wconf 83' lang='lat' dir='ltr'><strong>inscriptionis3</strong></span> <span class='ocrx_word' id='word_1_132' title='bbox 693 1361 804 1420; x_wconf 81' lang='lat' dir='ltr'><strong>quarto,</strong></span> <span class='ocrx_word' id='word_1_133' title='bbox 818 1355 890 1406; x_wconf 86' lang='lat' dir='ltr'><strong>sitne</strong></span> <span class='ocrx_word' id='word_1_134' title='bbox 904 1369 949 1404; x_wconf 84' lang='lat' dir='ltr'><strong>ve-</strong></span> 
     </span>
    </p>
   </div>
   <div class='ocr_carea' id='block_1_7' title="bbox 152 1419 993 2413">
    <p class='ocr_par' dir='ltr' id='par_1_8' title="bbox 152 1419 993 1805">
     <span class='ocr_line' id='line_1_19' title="bbox 152 1419 948 1488; baseline -0.005 -14"><span class='ocrx_word' id='word_1_135' title='bbox 152 1436 200 1476; x_wconf 87' lang='lat' dir='ltr'><strong>rus</strong></span> <span class='ocrx_word' id='word_1_136' title='bbox 219 1419 264 1471; x_wconf 88' lang='lat' dir='ltr'><strong>hio</strong></span> <span class='ocrx_word' id='word_1_137' title='bbox 279 1433 312 1472; x_wconf 85' lang='lat' dir='ltr'><strong>oc</strong></span> <span class='ocrx_word' id='word_1_138' title='bbox 325 1434 472 1488; x_wconf 80' lang='lat' dir='ltr'><strong>germanus</strong></span> <span class='ocrx_word' id='word_1_139' title='bbox 486 1421 645 1473; x_wconf 79' lang='lat' dir='ltr'><strong>Aristotelis</strong></span> <span class='ocrx_word' id='word_1_140' title='bbox 659 1421 744 1488; x_wconf 80' lang='lat' dir='ltr'><strong>fetus3</strong></span> <span class='ocrx_word' id='word_1_141' title='bbox 763 1422 873 1487; x_wconf 89' lang='lat' dir='ltr'><strong>quinto,</strong></span> <span class='ocrx_word' id='word_1_142' title='bbox 894 1433 948 1487; x_wconf 90' lang='lat' dir='ltr'><strong>quo</strong></span> 
     </span>
     <span class='ocr_line' id='line_1_20' title="bbox 154 1482 993 1556; baseline -0.005 -16"><span class='ocrx_word' id='word_1_143' title='bbox 154 1487 251 1540; x_wconf 88' lang='lat' dir='ltr'><strong>ordine</strong></span> <span class='ocrx_word' id='word_1_144' title='bbox 262 1482 334 1539; x_wconf 77' lang='lat' dir='ltr'><strong>intel·</strong></span> <span class='ocrx_word' id='word_1_145' title='bbox 344 1487 431 1555; x_wconf 92' lang='lat' dir='ltr'><strong>ipsius</strong></span> <span class='ocrx_word' id='word_1_146' title='bbox 443 1501 528 1554; x_wconf 81' lang='lat' dir='ltr'><strong>opera</strong></span> <span class='ocrx_word' id='word_1_147' title='bbox 538 1487 594 1556; x_wconf 79' lang='lat' dir='ltr'><strong>legi</strong></span> <span class='ocrx_word' id='word_1_148' title='bbox 606 1488 717 1552; x_wconf 77' lang='lat' dir='ltr'><strong>debeot3</strong></span> <span class='ocrx_word' id='word_1_149' title='bbox 737 1494 829 1550; x_wconf 78' lang='lat' dir='ltr'><strong>sexto,</strong></span> <span class='ocrx_word' id='word_1_150' title='bbox 842 1489 950 1554; x_wconf 83' lang='lat' dir='ltr'><strong>inquot</strong></span> <span class='ocrx_word' id='word_1_151' title='bbox 990 1515 993 1526; x_wconf 87' lang='lat'><strong>·</strong></span> 
     </span>
     <span class='ocr_line' id='line_1_21' title="bbox 153 1553 950 1622; baseline -0.003 -17"><span class='ocrx_word' id='word_1_152' title='bbox 153 1570 187 1605; x_wconf 84' lang='lat' dir='ltr'><strong>oc</strong></span> <span class='ocrx_word' id='word_1_153' title='bbox 205 1569 276 1622; x_wconf 85' lang='lat' dir='ltr'><strong>quae</strong></span> <span class='ocrx_word' id='word_1_154' title='bbox 295 1555 387 1620; x_wconf 78' lang='lat' dir='ltr'><strong>praeci</strong></span> <span class='ocrx_word' id='word_1_155' title='bbox 408 1569 444 1605; x_wconf 82' lang='lat' dir='ltr'><strong>uu</strong></span> <span class='ocrx_word' id='word_1_156' title='bbox 461 1556 553 1621; x_wconf 85' lang='lat' dir='ltr'><strong>capito</strong></span> <span class='ocrx_word' id='word_1_157' title='bbox 571 1555 721 1617; x_wconf 66' lang='lat' dir='ltr'><strong>divinatum</strong></span> <span class='ocrx_word' id='word_1_158' title='bbox 739 1561 894 1620; x_wconf 86' lang='lat' dir='ltr'><strong>postremo,</strong></span> <span class='ocrx_word' id='word_1_159' title='bbox 909 1553 950 1604; x_wconf 71' lang='lat' dir='ltr'><strong>&#39;ud</strong></span> 
     </span>
     <span class='ocr_line' id='line_1_22' title="bbox 154 1569 949 1689; baseline -0.003 -17"><span class='ocrx_word' id='word_1_160' title='bbox 154 1637 234 1688; x_wconf 84' lang='lat' dir='ltr'><strong>quum</strong></span> <span class='ocrx_word' id='word_1_161' title='bbox 257 1569 452 1688; x_wconf 55' lang='lat' dir='ltr'><strong>philosoprniac</strong></span> <span class='ocrx_word' id='word_1_162' title='bbox 474 1628 581 1688; x_wconf 84' lang='lat' dir='ltr'><strong>partem</strong></span> <span class='ocrx_word' id='word_1_163' title='bbox 603 1623 750 1689; x_wconf 79' lang='lat' dir='ltr'><strong>pertineat.</strong></span> <span class='ocrx_word' id='word_1_164' title='bbox 784 1619 827 1672; x_wconf 90' lang='lat' dir='ltr'><strong>De</strong></span> <span class='ocrx_word' id='word_1_165' title='bbox 851 1620 949 1688; x_wconf 89' lang='lat' dir='ltr'><strong>quibus</strong></span> 
     </span>
     <span class='ocr_line' id='line_1_23' title="bbox 153 1686 949 1802; baseline -0.005 -62"><span class='ocrx_word' id='word_1_166' title='bbox 153 1686 271 1802; x_wconf 68' lang='lat' dir='ltr'><strong>sindguiis</strong></span> <span class='ocrx_word' id='word_1_167' title='bbox 285 1688 348 1738; x_wconf 92' lang='lat' dir='ltr'><strong>dum</strong></span> <span class='ocrx_word' id='word_1_168' title='bbox 362 1688 484 1741; x_wconf 84' lang='lat' dir='ltr'><strong>breviter</strong></span> <span class='ocrx_word' id='word_1_169' title='bbox 497 1689 622 1758; x_wconf 85' lang='lat' dir='ltr'><strong>disputo,</strong></span> <span class='ocrx_word' id='word_1_170' title='bbox 641 1693 719 1757; x_wconf 83' lang='lat' dir='ltr'><strong>peto,</strong></span> <span class='ocrx_word' id='word_1_171' title='bbox 738 1692 769 1737; x_wconf 91' lang='lat' dir='ltr'><strong>ut</strong></span> <span class='ocrx_word' id='word_1_172' title='bbox 780 1701 824 1740; x_wconf 89' lang='lat' dir='ltr'><strong>mc</strong></span> <span class='ocrx_word' id='word_1_173' title='bbox 843 1693 949 1738; x_wconf 80' lang='lat' dir='ltr'><strong>attente</strong></span> 
     </span>
     <span class='ocr_line' id='line_1_24' title="bbox 154 1754 283 1805; baseline -0.016 0"><span class='ocrx_word' id='word_1_174' title='bbox 154 1754 283 1805; x_wconf 83' lang='lat' dir='ltr'><strong>aulatis.</strong></span> 
     </span>
    </p>

    <p class='ocr_par' dir='ltr' id='par_1_9' title="bbox 153 1819 951 2413">
     <span class='ocr_line' id='line_1_25' title="bbox 187 1819 950 1888; baseline 0 -18"><span class='ocrx_word' id='word_1_175' title='bbox 187 1819 366 1888; x_wconf 82' lang='lat' dir='ltr'><strong>Propositum</strong></span> <span class='ocrx_word' id='word_1_176' title='bbox 376 1827 418 1872; x_wconf 87' lang='lat' dir='ltr'><strong>cst</strong></span> <span class='ocrx_word' id='word_1_177' title='bbox 428 1821 515 1888; x_wconf 85' lang='lat' dir='ltr'><strong>igitur</strong></span> <span class='ocrx_word' id='word_1_178' title='bbox 520 1819 678 1870; x_wconf 76' lang='lat' dir='ltr'><strong>Aristotelis</strong></span> <span class='ocrx_word' id='word_1_179' title='bbox 688 1819 759 1870; x_wconf 82' lang='lat' dir='ltr'><strong>viam</strong></span> <span class='ocrx_word' id='word_1_180' title='bbox 770 1834 803 1872; x_wconf 86' lang='lat' dir='ltr'><strong>nc</strong></span> <span class='ocrx_word' id='word_1_181' title='bbox 813 1821 950 1871; x_wconf 80' lang='lat' dir='ltr'><strong>rationem</strong></span> 
     </span>
     <span class='ocr_line' id='line_1_26' title="bbox 153 1886 949 1955; baseline -0.004 -17"><span class='ocrx_word' id='word_1_182' title='bbox 153 1886 279 1946; x_wconf 78' lang='lat' dir='ltr'><strong>trudere,</strong></span> <span class='ocrx_word' id='word_1_183' title='bbox 300 1903 365 1955; x_wconf 81' lang='lat' dir='ltr'><strong>qua,</strong></span> <span class='ocrx_word' id='word_1_184' title='bbox 385 1887 433 1938; x_wconf 86' lang='lat' dir='ltr'><strong>ubi</strong></span> <span class='ocrx_word' id='word_1_185' title='bbox 448 1891 582 1953; x_wconf 86' lang='lat' dir='ltr'><strong>perpetua</strong></span> <span class='ocrx_word' id='word_1_186' title='bbox 594 1900 627 1936; x_wconf 81' lang='lat' dir='ltr'><strong>ac</strong></span> <span class='ocrx_word' id='word_1_187' title='bbox 643 1886 803 1937; x_wconf 80' lang='lat' dir='ltr'><strong>continuate</strong></span> <span class='ocrx_word' id='word_1_188' title='bbox 822 1887 949 1938; x_wconf 85' lang='lat' dir='ltr'><strong>oratione</strong></span> 
     </span>
     <span class='ocr_line' id='line_1_27' title="bbox 153 1951 951 2017; baseline -0.004 -13"><span class='ocrx_word' id='word_1_189' title='bbox 153 1954 284 2006; x_wconf 84' lang='lat' dir='ltr'><strong>utendum</strong></span> <span class='ocrx_word' id='word_1_190' title='bbox 299 1961 354 2016; x_wconf 88' lang='lat' dir='ltr'><strong>est,</strong></span> <span class='ocrx_word' id='word_1_191' title='bbox 374 1953 514 2004; x_wconf 83' lang='lat' dir='ltr'><strong>videamus</strong></span> <span class='ocrx_word' id='word_1_192' title='bbox 534 1953 637 2012; x_wconf 85' lang='lat' dir='ltr'><strong>onmia,</strong></span> <span class='ocrx_word' id='word_1_193' title='bbox 657 1965 727 2017; x_wconf 89' lang='lat' dir='ltr'><strong>quae</strong></span> <span class='ocrx_word' id='word_1_194' title='bbox 742 1951 951 2003; x_wconf 81' lang='lat' dir='ltr'><strong>accommodato</strong></span> 
     </span>
     <span class='ocr_line' id='line_1_28' title="bbox 153 2018 950 2096; baseline -0.004 -24"><span class='ocrx_word' id='word_1_195' title='bbox 153 2021 261 2072; x_wconf 82' lang='lat' dir='ltr'><strong>suntad</strong></span> <span class='ocrx_word' id='word_1_196' title='bbox 274 2021 316 2082; x_wconf 83' lang='lat' dir='ltr'><strong>io,</strong></span> <span class='ocrx_word' id='word_1_197' title='bbox 352 2019 406 2070; x_wconf 84' lang='lat' dir='ltr'><strong>uod</strong></span> <span class='ocrx_word' id='word_1_198' title='bbox 420 2020 558 2078; x_wconf 84' lang='lat' dir='ltr'><strong>volumus,</strong></span> <span class='ocrx_word' id='word_1_199' title='bbox 572 2018 791 2096; x_wconf 78' lang='lat' dir='ltr'><strong>persuadendum</strong></span> <span class='ocrx_word' id='word_1_200' title='bbox 805 2024 887 2096; x_wconf 77' lang='lat' dir='ltr'><strong>atque</strong></span> <span class='ocrx_word' id='word_1_201' title='bbox 903 2018 950 2069; x_wconf 90' lang='lat' dir='ltr'><strong>ob·</strong></span> 
     </span>
     <span class='ocr_line' id='line_1_29' title="bbox 153 2081 951 2149; baseline -0.008 -11"><span class='ocrx_word' id='word_1_202' title='bbox 153 2087 305 2138; x_wconf 88' lang='lat' dir='ltr'><strong>tineudum.</strong></span> <span class='ocrx_word' id='word_1_203' title='bbox 367 2100 409 2134; x_wconf 83' lang='lat' dir='ltr'><strong>sm</strong></span> <span class='ocrx_word' id='word_1_204' title='bbox 420 2083 486 2134; x_wconf 89' lang='lat' dir='ltr'><strong>utin</strong></span> <span class='ocrx_word' id='word_1_205' title='bbox 498 2082 609 2146; x_wconf 77' lang='lat' dir='ltr'><strong>topicis,</strong></span> <span class='ocrx_word' id='word_1_206' title='bbox 620 2084 718 2149; x_wconf 88' lang='lat' dir='ltr'><strong>quibus</strong></span> <span class='ocrx_word' id='word_1_207' title='bbox 729 2089 815 2132; x_wconf 86' lang='lat' dir='ltr'><strong>totum</strong></span> <span class='ocrx_word' id='word_1_208' title='bbox 826 2081 951 2132; x_wconf 78' lang='lat' dir='ltr'><strong>dialecti·</strong></span> 
     </span>
     <span class='ocr_line' id='line_1_30' title="bbox 155 2147 951 2216; baseline -0.011 -12"><span class='ocrx_word' id='word_1_209' title='bbox 155 2168 206 2204; x_wconf 90' lang='lat' dir='ltr'><strong>cen</strong></span> <span class='ocrx_word' id='word_1_210' title='bbox 223 2151 382 2216; x_wconf 81' lang='lat' dir='ltr'><strong>complexus</strong></span> <span class='ocrx_word' id='word_1_211' title='bbox 403 2154 457 2210; x_wconf 86' lang='lat' dir='ltr'><strong>est,</strong></span> <span class='ocrx_word' id='word_1_212' title='bbox 477 2162 572 2200; x_wconf 89' lang='lat' dir='ltr'><strong>omnes</strong></span> <span class='ocrx_word' id='word_1_213' title='bbox 586 2149 645 2200; x_wconf 83' lang='lat' dir='ltr'><strong>vias</strong></span> <span class='ocrx_word' id='word_1_214' title='bbox 658 2147 784 2207; x_wconf 76' lang='lat' dir='ltr'><strong>tradidit,</strong></span> <span class='ocrx_word' id='word_1_215' title='bbox 805 2147 903 2210; x_wconf 86' lang='lat' dir='ltr'><strong>quibus</strong></span> <span class='ocrx_word' id='word_1_216' title='bbox 921 2148 951 2196; x_wconf 91' lang='lat' dir='ltr'><strong>in</strong></span> 
     </span>
     <span class='ocr_line' id='line_1_31' title="bbox 154 2213 951 2284; baseline -0.019 -16"><span class='ocrx_word' id='word_1_217' title='bbox 154 2215 303 2284; x_wconf 81' lang='lat' dir='ltr'><strong>colloquiis</strong></span> <span class='ocrx_word' id='word_1_218' title='bbox 319 2221 347 2266; x_wconf 86' lang='lat' dir='ltr'><strong>et</strong></span> <span class='ocrx_word' id='word_1_219' title='bbox 362 2213 557 2279; x_wconf 81' lang='lat' dir='ltr'><strong>congressibus</strong></span> <span class='ocrx_word' id='word_1_220' title='bbox 573 2214 714 2266; x_wconf 90' lang='lat' dir='ltr'><strong>homiuum</strong></span> <span class='ocrx_word' id='word_1_221' title='bbox 730 2225 873 2278; x_wconf 88' lang='lat' dir='ltr'><strong>possemus</strong></span> <span class='ocrx_word' id='word_1_222' title='bbox 888 2225 951 2276; x_wconf 84' lang='lat' dir='ltr'><strong>pro.</strong></span> 
     </span>
     <span class='ocr_line' id='line_1_32' title="bbox 153 2277 951 2346; baseline -0.006 -12"><span class='ocrx_word' id='word_1_223' title='bbox 153 2283 285 2334; x_wconf 82' lang='lat' dir='ltr'><strong>habiliter</strong></span> <span class='ocrx_word' id='word_1_224' title='bbox 304 2286 353 2330; x_wconf 84' lang='lat' dir='ltr'><strong>sut</strong></span> <span class='ocrx_word' id='word_1_225' title='bbox 371 2280 529 2346; x_wconf 87' lang='lat' dir='ltr'><strong>opinionem</strong></span> <span class='ocrx_word' id='word_1_226' title='bbox 549 2288 671 2332; x_wconf 82' lang='lat' dir='ltr'><strong>nostram</strong></span> <span class='ocrx_word' id='word_1_227' title='bbox 684 2278 756 2330; x_wconf 81' lang='lat' dir='ltr'><strong>tueri</strong></span> <span class='ocrx_word' id='word_1_228' title='bbox 772 2281 819 2330; x_wconf 85' lang='lat' dir='ltr'><strong>out</strong></span> <span class='ocrx_word' id='word_1_229' title='bbox 833 2277 951 2330; x_wconf 80' lang='lat' dir='ltr'><strong>alienum</strong></span> 
     </span>
     <span class='ocr_line' id='line_1_33' title="bbox 155 2344 950 2413; baseline -0.005 -15"><span class='ocrx_word' id='word_1_230' title='bbox 155 2349 326 2413; x_wconf 84' lang='lat' dir='ltr'><strong>impugnare,</strong></span> <span class='ocrx_word' id='word_1_231' title='bbox 333 2347 375 2396; x_wconf 85' lang='lat' dir='ltr'><strong>ite</strong></span> <span class='ocrx_word' id='word_1_232' title='bbox 384 2347 411 2397; x_wconf 92' lang='lat' dir='ltr'><strong>in</strong></span> <span class='ocrx_word' id='word_1_233' title='bbox 422 2344 464 2396; x_wconf 90' lang='lat' dir='ltr'><strong>his</strong></span> <span class='ocrx_word' id='word_1_234' title='bbox 475 2346 554 2397; x_wconf 85' lang='lat' dir='ltr'><strong>libris</strong></span> <span class='ocrx_word' id='word_1_235' title='bbox 564 2346 633 2400; x_wconf 86' lang='lat' dir='ltr'><strong>nihil</strong></span> <span class='ocrx_word' id='word_1_236' title='bbox 643 2345 950 2412; x_wconf 85' lang='lat' dir='ltr'><strong>praetermittiteorum,</strong></span> 
     </span>
    </p>
   </div>
   <div class='ocr_carea' id='block_1_8' title="bbox 155 2413 953 2550">
    <p class='ocr_par' dir='ltr' id='par_1_10' title="bbox 155 2413 953 2550">
     <span class='ocr_line' id='line_1_34' title="bbox 174 2413 951 2480; baseline -0.003 -16"><span class='ocrx_word' id='word_1_237' title='bbox 174 2425 226 2464; x_wconf 83' lang='lat' dir='ltr'><strong>uae</strong></span> <span class='ocrx_word' id='word_1_238' title='bbox 240 2414 303 2464; x_wconf 88' lang='lat' dir='ltr'><strong>usui</strong></span> <span class='ocrx_word' id='word_1_239' title='bbox 316 2426 378 2464; x_wconf 85' lang='lat' dir='ltr'><strong>esse</strong></span> <span class='ocrx_word' id='word_1_240' title='bbox 412 2419 521 2478; x_wconf 90' lang='lat' dir='ltr'><strong>ossunt,</strong></span> <span class='ocrx_word' id='word_1_241' title='bbox 536 2429 597 2465; x_wconf 91' lang='lat' dir='ltr'><strong>cum</strong></span> <span class='ocrx_word' id='word_1_242' title='bbox 609 2413 670 2480; x_wconf 90' lang='lat' dir='ltr'><strong>quis</strong></span> <span class='ocrx_word' id='word_1_243' title='bbox 680 2419 814 2479; x_wconf 83' lang='lat' dir='ltr'><strong>perpetua</strong></span> <span class='ocrx_word' id='word_1_244' title='bbox 824 2413 951 2463; x_wconf 75' lang='lat' dir='ltr'><strong>oratione</strong></span> 
     </span>
     <span class='ocr_line' id='line_1_35' title="bbox 155 2429 953 2550; baseline -0.008 -18"><span class='ocrx_word' id='word_1_245' title='bbox 155 2430 260 2550; x_wconf 47' lang='lat' dir='ltr'><strong>qalliquid</strong></span> <span class='ocrx_word' id='word_1_246' title='bbox 274 2429 444 2532; x_wconf 49' lang='lat' dir='ltr'><strong>multitusini</strong></span> <span class='ocrx_word' id='word_1_247' title='bbox 456 2481 624 2548; x_wconf 72' lang='lat' dir='ltr'><strong>persuadere</strong></span> <span class='ocrx_word' id='word_1_248' title='bbox 637 2480 794 2534; x_wconf 78' lang='lat' dir='ltr'><strong>meditatur.</strong></span> <span class='ocrx_word' id='word_1_249' title='bbox 828 2478 953 2546; x_wconf 72' lang='lat' dir='ltr'><strong>Egregie</strong></span> 
     </span>
    </p>
   </div>
   <div class='ocr_carea' id='block_1_9' title="bbox 155 2559 950 2731">
    <p class='ocr_par' dir='ltr' id='par_1_11' title="bbox 155 2559 950 2731">
     <span class='ocr_line' id='line_1_36' title="bbox 191 2559 500 2620; baseline 0.019 -16"><span class='ocrx_word' id='word_1_250' title='bbox 191 2563 211 2616; x_wconf 82' lang='lat'><strong>¹)</strong></span> <span class='ocrx_word' id='word_1_251' title='bbox 229 2563 304 2620; x_wconf 79' lang='lat' dir='ltr'><strong>Epist.</strong></span> <span class='ocrx_word' id='word_1_252' title='bbox 313 2559 347 2606; x_wconf 90' lang='lat' dir='ltr'><strong>II.</strong></span> <span class='ocrx_word' id='word_1_253' title='bbox 358 2569 379 2608; x_wconf 78' lang='lat'><strong>2.</strong></span> <span class='ocrx_word' id='word_1_254' title='bbox 389 2565 422 2608; x_wconf 66' lang='lat'><strong>³⁶.</strong></span> <span class='ocrx_word' id='word_1_255' title='bbox 495 2597 500 2610; x_wconf 62' lang='grc'><strong>,,</strong></span> 
     </span>
     <span class='ocr_line' id='line_1_37' title="bbox 155 2615 950 2731; baseline -0.005 -70"><span class='ocrx_word' id='word_1_256' title='bbox 155 2619 305 2731; x_wconf 45' lang='grc' dir='ltr'><strong>111ζ’·ιξῄιῗιιίιιι</strong></span> <span class='ocrx_word' id='word_1_257' title='bbox 329 2619 465 2664; x_wconf 67' lang='lat' dir='ltr'><strong>nuo-tantist</strong></span> <span class='ocrx_word' id='word_1_258' title='bbox 487 2623 581 2690; x_wconf 68' lang='lat' dir='ltr'><strong>prester</strong></span> <span class='ocrx_word' id='word_1_259' title='bbox 598 2619 710 2666; x_wconf 78' lang='lat' dir='ltr'><strong>Muretuu</strong></span> <span class='ocrx_word' id='word_1_260' title='bbox 732 2615 808 2662; x_wconf 80' lang='lat' dir='ltr'><strong>nulius</strong></span> <span class='ocrx_word' id='word_1_261' title='bbox 830 2619 909 2713; x_wconf 61' lang='lat' dir='ltr'><strong>tinctor</strong></span> <span class='ocrx_word' id='word_1_262' title='bbox 927 2615 950 2658; x_wconf 86' lang='lat' dir='ltr'><strong>in</strong></span> 
     </span>
    </p>
   </div>
   <div class='ocr_carea' id='block_1_10' title="bbox 0 0 1066 3018">
    <p class='ocr_par' dir='ltr' id='par_1_12' title="bbox 0 0 1066 3018">
     <span class='ocr_line' id='line_1_38' title="bbox 0 0 1066 3018; baseline 0 0"><span class='ocrx_word' id='word_1_263' title='bbox 0 0 1066 3018; x_wconf 95' lang='lat' dir='ltr'><strong> </strong></span> 
     </span>
    </p>
   </div>
  </div>
 </body>
</html>
