2150 3012
178 171 227 234 ut
465 164 620 220 ouillo
638 163 724 218 xiil.

177 269 322 324 ciceronis
337 267 471 336 epsitolss
484 273 514 318 et
526 269 694 328 orationem,
712 267 737 318 si
749 267 837 332 ior-te,
853 267 974 336 aliquam
1005 319 1009 326 ,

115 351 119 359 ·
177 339 333 398 audierunt,
344 337 379 386 ab
388 337 424 387 iis
434 349 477 386 me
488 334 632 385 discedere
643 341 672 384 et
681 334 762 386 robis
772 337 902 402 graviora
911 353 976 403 pro·

175 419 291 474 ponere,
306 404 401 470 iniquo
412 403 503 452 animo
514 401 624 451 leruntl
641 403 682 451 An
696 402 841 467 quisquam
852 409 975 454 restrum

178 480 233 533 est,
254 472 299 537 qui
318 485 353 521 eo
368 468 487 520 consilio
501 467 594 518 studia
609 473 753 534 sequatur,
774 474 804 518 ut
817 469 845 518 in
859 469 976 534 pulvere

178 537 348 590 scholastico
364 535 562 586 consenescatl
580 533 636 583 Gur
649 535 736 600 igitur
750 547 784 585 es
799 535 893 600 potius
909 549 976 586 con·

178 610 329 663 sectemur,
344 615 413 668 quae
424 605 530 650 tantm
544 603 573 650 in
583 598 760 652 scholasticis
771 603 980 665 contestatiung

178 671 249 722 culis
264 671 337 719 inter
349 665 575 718 adolescentulos
589 673 638 717 aut
656 680 738 718 senes
756 665 974 718 adolescentulis

178 737 324 789 stultiores
338 733 556 794 oblectamento,
578 747 659 798 quam
678 747 747 799 quae
763 733 829 784 olins
878 734 974 784 anissi-

177 803 230 855 mis
246 804 274 852 iu
287 799 409 868 negotiis
425 799 612 850 emolumento
631 798 725 850 lutura
742 799 811 850 sinti
861 813 974 850 osvero

177 871 249 920 istos
263 873 414 933 nugatores
428 865 610 927 contemnite,
624 867 789 933 praesertim
804 881 863 917 curn
875 866 975 918 illale·
1025 925 1031 930 ,

177 935 257 986 viora
269 940 318 984 aut
328 933 385 982 lam
398 931 567 1011 didiceritis,
583 938 645 994 aut,
660 933 706 1012 qui
723 946 758 982 ee
771 947 857 998 usque
872 933 906 982 ad
916 939 975 983 tae·

178 1001 253 1052 dium
265 999 416 1060 inculcent,
436 1000 466 1049 in
481 999 607 1050 omnibus
627 1000 696 1050 vicus
715 1013 748 1049 uc
766 1001 855 1050 triviis
875 999 974 1051 ubilos

178 1065 330 1134 quamlibet
338 1064 453 1128 multos3
474 1066 521 1132 qui
531 1065 658 1116 Tacitum
667 1066 842 1132 interpretari
852 1072 900 1127 sut
910 1081 974 1132 pos·
1069 1109 1070 1116 ,

178 1135 235 1184 sint
254 1137 303 1182 aut
320 1132 419 1192 velint,
439 1145 495 1182 non
512 1131 614 1182 multos
633 1133 696 1183 sitis
715 1131 844 1183 babituri.
883 1130 973 1195 Nunc,

178 1199 249 1268 quae
263 1199 293 1250 in
308 1211 343 1250 eo
362 1197 468 1265 culpari
484 1213 502 1248 a
515 1198 636 1250 nonullis
653 1197 775 1262 soleant,
795 1212 972 1265 exponerent,

179 1279 266 1332 eaque
281 1265 380 1327 omnia,
392 1266 434 1317 uti
444 1265 586 1332 pollicitus
597 1279 679 1326 erant,
690 1264 840 1318 refutarem
852 1265 975 1316 acrelel-
1069 1299 1070 1306 κ

178 1333 278 1395 loreum
293 1332 344 1383 sed
355 1333 435 1384 video
446 1347 490 1384 me
498 1331 609 1399 longius
618 1345 797 1399 progressum
809 1345 870 1382 esse
880 1331 974 1384 ‹licen-

180 1401 230 1462 do,
246 1400 450 1468 quamaprinci
471 1400 706 1450 ioexistimarom.
740 1398 855 1451 Felellit
867 1414 911 1452 me
921 1400 975 1449 Ta·

180 1469 230 1520 citi
244 1481 335 1518 amor:
355 1467 433 1518 euius
465 1465 550 1516 audes
570 1480 633 1516 cum
651 1464 786 1518 hodierno
808 1466 853 1516 die
872 1466 975 1516 tacitus

179 1535 400 1602 praetermittere
412 1535 583 1595 statuissem,
600 1531 703 1584 auferri
714 1546 758 1584 me
768 1539 865 1601 postea
875 1545 976 1598 passus

180 1617 249 1662 sum,
261 1615 349 1668 neque
360 1599 428 1651 mibi
436 1602 528 1666 potui,
541 1613 577 1649 ne
590 1605 638 1650 ent
648 1602 765 1652 strictim
778 1607 807 1651 et
816 1599 924 1651 modice
934 1604 976 1649 at·

178 1669 325 1734 tingerem,
336 1674 499 1734 temperare.¹
525 1664 635 1718 Vereor
643 1672 744 1729 autem,
756 1670 780 1718 si
790 1668 901 1734 longius
913 1677 974 1715 ora·
1067 1711 1069 1716 ,

178 1735 284 1784 tionem
303 1733 459 1800 producere
477 1730 609 1794 voluero,
628 1747 663 1784 ue
682 1738 711 1784 et
727 1735 807 1785 vobis
827 1732 974 1784 molestiae

180 1801 232 1851 sim
247 1808 276 1852 et
289 1801 338 1861 iis,
359 1800 406 1866 qui
418 1803 483 1864 post
500 1812 545 1849 sne
560 1797 675 1851 inbunc
688 1799 779 1851 locum
795 1799 976 1851 conscensuri

179 1874 251 1928 sunt,
262 1865 468 1933 impedimento.
504 1865 597 1926 Quare
608 1881 678 1932 quoe
691 1874 862 1935 supererant,
877 1867 906 1917 in
916 1877 976 1916 cra·

179 1934 291 1996 stinunr,
305 1933 329 1983 si
339 1930 419 1982 robis
430 1944 540 1998 quoque
550 1932 592 1982 ita
601 1933 723 1995 videtur,
736 1933 873 1997 differam,
884 1941 975 1999 neque

178 2006 312 2062 metuam,
329 1997 439 2064 nequis
459 2013 503 2050 ute
523 1996 606 2050 bodie
626 1999 701 2051 lusto
714 2000 871 2052 breviorem
885 1999 976 2050 fuisse

180 2067 264 2118 dicet.
298 2062 367 2132 Nem
382 2070 410 2114 et
422 2064 451 2114 in
466 2062 509 2116 hle
527 2067 623 2132 primis
641 2065 852 2117 velitationibus
871 2066 977 2115 noetus

178 2135 300 2196 iustique
319 2139 416 2181 cursus
436 2143 469 2181 ac
489 2131 647 2183 certaminis
669 2132 747 2197 quasi
766 2129 976 2196 prolusionibus

178 2197 300 2248 brevitas
315 2195 421 2263 culpari
437 2211 492 2247 non
506 2197 592 2258 salet,
612 2204 641 2248 ct
659 2210 753 2247 verum
771 2202 826 2258 est,
847 2195 921 2263 quod
935 2195 977 2245 ait

177 2261 282 2324 Varro,
300 2268 408 2327 portam
422 2263 518 2314 itineri
533 2278 595 2315 esse
609 2263 808 2332 longissimam.
819 2264 845 2327 ⁴>
879 2261 975 2327 liquos

177 2327 264 2394 ipsos,
275 2327 322 2380 ubi
335 2329 381 2380 diu
392 2330 563 2398 quieveruut,
577 2331 624 2412 qui
634 2331 748 2398 longum
756 2331 812 2381 iter
821 2329 975 2398 ingressuri

135 2417 142 2424 ·
178 2399 251 2454 aunt,
265 2393 385 2476 fatigare
401 2398 607 2465 primoitinerrs
622 2397 667 2450 die
682 2393 850 2461 nonsolent.
887 2396 916 2449 Sl
930 2403 979 2447 tot
1025 2405 1030 2412 ’

178 2463 383 2526 praestantibus
398 2466 477 2529 uiris,
496 2468 543 2534 qui
557 2463 610 2520 buc
625 2464 710 2518 hodie
722 2470 923 2527 convenerunt,
944 2469 976 2514 ut

233 2562 255 2617 ¹)
271 2564 306 2608 De
316 2565 342 2610 ll.
356 2567 382 2608 lt.
395 2571 413 2610 l.
428 2571 448 2611 2
457 2563 476 2620 l.
487 2569 507 2610 2.
527 2567 570 2611 ubl
580 2566 711 2624 explicent:
729 2567 874 2624 inapparatu
885 2563 973 2608 itineris

178 2618 429 2728 ῗιῑιξεῗὲιιξὲἷξοηροῆι
439 2625 676 2674 consummantium
687 2628 774 2682 postem
784 2626 869 2675 uenias,
876 2633 940 2678 qnam
949 2620 978 2662 ln·

1052 2705 1067 2736 Ἴ
