2150 3012
171 87 223 145 na
453 81 694 164 enarrofxu.
726 63 730 68 ’
815 66 818 72 “
1055 77 1063 220 p

170 189 303 258 sagittata
314 183 464 240 inierioms
472 184 577 236 inerint
589 213 622 224 --
635 199 702 238 suae
714 186 788 256 euim
797 185 912 254 quisque
923 201 964 244 se·
1062 221 1063 266 n

171 258 238 312 tatis
248 270 328 322 quam
337 261 479 305 atavorum
490 268 601 302 suorum
610 267 737 304 sermone
746 255 786 304 uti
797 252 964 320 malebat:—
1004 271 1010 280 ·
1062 269 1063 276 ¹

171 323 325 376 limatiores
331 328 422 372 tamen
432 325 461 370 et
470 319 603 374 cultiores
614 326 642 370 et
651 320 744 370 multis
755 321 873 386 politicis
884 321 966 372 virtu·

171 391 245 442 tibus
259 385 549 456 superiores'iuerunt.
582 381 656 436 Num
667 387 753 454 igitur·
764 385 815 437 hos
825 387 928 439 nitidos
939 395 967 438 et

119 471 121 482 ‘
171 457 275 526 politos
286 447 514 518 contempsisset:
527 453 573 518 qui
582 453 648 504 illos
659 452 830 504 horridos‘et
842 454 965 519 impexos

77 559 79 564 .
172 525 297 576 studiose
311 528 403 571 tamen
417 534 450 568 ac
465 519 615 584 diligenter
631 519 789 570 evolverat?
822 519 875 572 Sed
893 526 922 570 ut
937 520 966 574 ia
981 551 988 557 ·

172 591 273 643 ceteris
284 589 357 638 vitae
368 585 506 652 partibus,
517 585 559 635 ita
568 587 595 637 in
606 589 715 638 ratione
726 585 880 638 studiorum
890 587 965 637 varie
1062 623 1063 628 η

172 673 190 708 s
206 657 288 722 vulgo
300 653 439 704 bominum
450 653 560 718 peccari
570 652 651 704 solet.
662 709 666 714 ,
692 652 804 704 Patrum
815 661 967 710 atavorum

172 730 329 776 annuorum
342 719 487 779 memoria,
507 721 558 784 qui.
567 734 597 770 se
608 719 732 770 eruditos
741 719 881 790 perhiberi
890 719 966 770 vole·

170 790 250 851 bant,
266 788 376 855 optimis
391 786 544 853 quibusque
560 789 744 852 scriptoribus
757 793 812 839 tam
833 801 894 838 uam
905 801 966 852 per·

171 856 292 922 vulgatis
306 861 334 905 et
347 851 415 904 nihil
429 851 550 904 abditum
565 867 597 902 ac
610 860 748 904 retrusum
762 855 968 906 continentibus
1062 863 1063 894 1

173 923 265 975 valere
277 921 377 983 iussis,
399 921 428 982 in
442 919 504 970 aliis
518 920 680 987 quibusdam
696 921 902 972 obscurioribus
917 921 967 972 mi·

87 999 89 1005 ’
172 995 279 1056 aesque
295 988 369 1038 tritis
387 1002 464 1038 suam
481 1001 588 1037 omnem
604 987 767 1039 industriam
782 988 967 1040 collocabant.
1062 987 1063 994 ’

172 1055 269 1122 ltaque
283 1069 377 1106 eorum
390 1055 530 1120 plerisque
545 1055 655 1120 saepius
669 1055 698 1105 in
712 1055 837 1107 manibus
848 1062 908 1106 erat
916 1057 968 1122 Ap·
1062 1075 1063 1122 r

173 1123 283 1191 puleius
294 1128 341 1173 aut
351 1119 482 1173 Sidonius
492 1121 673 1190 Apollinaris,
685 1137 765 1190 quam
777 1123 887 1174 Cicero:
902 1121 968 1172 Per·
1062 1139 1063 1172 1

171 1188 248 1242 sium*
281 1204 343 1242 uam
361 1189 524 1252 Horatium,
552 1187 694 1240 Lucanum
718 1197 767 1242 aut
787 1189 969 1242 Claudianum

173 1272 254 1324 quam
263 1205 414 1326 birgiliunp
425 1253 556 1307 bbentius
570 1261 598 1306 et
611 1257 717 1307 nraiorc
733 1272 793 1308 cum
804 1257 896 1308 studio
907 1271 969 1322 per·
1062 1289 1063 1292 =

173 1325 344 1378 volutabant.
378 1323 579 1375 Animadvertit
596 1323 667 1375 bunc
682 1338 803 1375 errorem
819 1325 970 1390 insequens

149 1415 153 1428 ¹
173 1399 264 1456 aetas,
279 1392 426 1455 etBembi‚
442 1390 568 1444 Sadoleti
579 1406 611 1441 ac
621 1391 751 1442 similium
762 1399 790 1443 et
801 1390 926 1456 exemplo
941 1395 972 1442 et
1062 1399 1063 1406 ’

173 1460 339 1512 auctoritate
354 1469 503 1519 commota,
514 1457 550 1508 ad
561 1459 741 1509 vetustiorum
752 1459 900 1510 lectionem
910 1458 971 1508 imi·

172 1529 361 1595 tationtmque
379 1532 511 1578 revocata
530 1530 580 1575 est.
617 1523 672 1576 Sed
691 1533 815 1577 secutum
835 1531 879 1578 est
893 1523 971 1576 aliud
1000 1574 1002 1578 A
1062 1557 1063 1562 =

170 1595 285 1656 malum,
308 1602 407 1648 exorta
426 1593 549 1647 factione
569 1593 726 1658 ineptorum
746 1591 898 1653 hominum,
922 1590 989 1659 qui—

171 1663 461 1728 praeter·Ciceronem,
470 1660 625 1720 Caesarem,
636 1659 797 1710 Sallustium
808 1666 844 1721 et,
852 1661 876 1712 si
884 1657 971 1721 forte,
1061 1705 1063 1720 .

172 1727 280 1794 aliquot
298 1729 370 1780 alios
385 1729 475 1779 eidem
490 1725 576 1775 aetati
591 1740 736 1794 suppares,
756 1732 815 1778 tum
829 1742 864 1778 ex
877 1725 971 1792 potitis
1062 1737 1063 1740 ’

127 1839 136 1847 .
172 1802 282 1861 praeter
302 1795 450 1854 Catullum,
474 1791 646 1854 Lucretium,
670 1793 818 1860 Virgilium
841 1800 898 1846 tres
921 1797 974 1847 aut

171 1868 291 1927 quatuor
310 1862 394 1923 alios,
415 1859 535 1910 clamare
555 1867 716 1926 coeperunt,
742 1868 852 1914 ceteros
872 1875 971 1912 oannes
1062 1897 1063 1920 ,

169 1926 303 1979 barbaros
315 1942 386 1989 esse,
398 1927 533 1977 nesciisse
543 1923 642 1978 Latine
654 1928 740 2046 loqui,
749 1943 838 1995 neque
849 1929 916 1980 satis
928 1927 970 1978 di·

170 2008 241 2066 gnos
265 2009 340 2057 esse,
361 1994 506 2060 inquibus
527 2008 683 2060 cognoseen
705 1997 729 2046 is
748 1997 832 2046 ullum
847 1995 971 2046 studium

166 2066 328 2128 poneretur.
362 2060 428 2112 lude
448 2062 557 2112 exstitit
576 2071 702 2114 enectum
722 2061 859 2129 quoddam
879 2067 908 2110 ct
926 2060 972 2112 ia·
1062 2123 1063 2126 Ἴ

169 2127 297 2182 melicum
318 2133 358 2187 et,
380 2134 411 2180 ut
429 2141 483 2196 ego
503 2129 640 2180 interdum
660 2143 760 2180 vocare
780 2127 872 2184 soleo,
896 2125 971 2182 dilu-
1062 2179 1063 2192 ἵ

169 2200 228 2248 turn
257 2193 434 2258 eloquentiae
458 2211 553 2263 genus·
572 2194 711 2248 bominum
740 2189 970 2256 existimantium,

167 2259 238 2312 bene
258 2259 368 2312 dicendi
388 2261 498 2314 laudem
520 2263 549 2316 in
572 2277 606 2316 eo
629 2262 749 2328 positam
774 2271 849 2317 esse,
876 2262 907 2308 ut
930 2271 969 2316 ne

168 2325 255 2377 ullum
278 2329 441 2380 vocabulum
465 2345 566 2397 ponas,
595 2327 669 2395 quod
691 2342 747 2378 non
771 2339 806 2376 ex
829 2323 968 2376 Cicerone
1062 2329 1063 2340 ¹

167 2396 330 2460 sumpseris,
360 2399 483 2464 quamvis
503 2395 579 2446 fatue
604 2406 686 2462 atque
705 2392 810 2448 insulse
830 2393 967 2458 loquaris,

167 2459 228 2510 sine
251 2460 309 2512 ulla
330 2463 369 2524 vi,
399 2465 459 2514 sine
482 2462 539 2514 ullo
566 2463 704 2524 acumine,
735 2461 794 2512 sine
816 2459 875 2510 ullo
896 2473 966 2524 pon·

167 2524 233 2578 dere
261 2529 472 2593 sententiarum,
501 2529 648 2582 dumnmdo
672 2545 755 2582 unum
776 2526 847 2580 illud
870 2526 966 2578 obser·

165 2605 232 2660 ves,
248 2595 336 2666 ipsius
352 2606 381 2652 te
396 2598 539 2652 ciceronis
552 2595 733 2654 fraterculum
751 2596 822 2652 iore.
858 2591 968 2654 diutili·
