2150 3012
376 157 527 212 ORATIO
543 158 595 211 xl.
663 211 665 215 ,
835 166 884 216 1⁰1

92 261 223 323 tenebris,
234 261 276 314 sie
287 261 392 313 animos
402 265 514 312 nostros
525 261 570 323 iis,
581 275 652 328 quae
661 256 809 327 rera'suht,
820 277 886 331 gau·

54 379 58 384 .
94 329 170 392 dere,
202 343 253 380 uae
264 327 336 378 falsa
346 334 421 390 sunt,
434 343 468 378 ea
478 329 619 394 aspernari
632 343 665 379 ac
675 327 815 396 refugere.
849 331 888 382 Et

92 345 237 463 Euripihes
249 396 357 462 quidem
368 393 594 446 iucundissimum
606 409 667 446 esse
679 396 726 456 ait,
738 397 820 460 scire,
828 396 887 446 nri·

58 508 70 516 .
91 465 237 527 stoteles⁴)
253 468 357 522 autent,
372 461 489 512 discere.
526 462 648 522 Quorum
661 464 768 513 utrovis
781 463 885 529 posito,

91 527 160 580 nihil
172 543 254 579 verae
268 543 300 578 ac
312 527 434 594 liquidae
447 528 598 594 voluptatis
613 543 628 579 e
641 529 724 578 rebus
733 527 814 592 falsis
843 542 885 578 er·
905 547 909 558 =

92 597 147 660 cipi
163 603 264 662 potest.
298 595 382 646 Falsa
404 595 476 644 'enim
498 609 588 660 neque
611 596 678 645 sciri
700 608 790 660 neque
832 593 886 648 ieci

92 669 202 728 queunt.
235 662 272 712 Et
280 667 372 712 tamen
384 661 456 711 falso
468 661 589 727 gaudere
598 658 733 726 homines,
741 661 834 714 multis
842 674 884 712 ar·

91 729 226 794 gumentis
236 727 304 778 mihi
314 727 520 793 videbarpnsse
531 728 745 792 pervincere**).
774 727 844 780 Nam
856 736 885 779 et

91 797 168 860 podsi
178 796 300 862 gaudeat
309 798 338 844 ct
346 794 454 860 pictura
466 800 495 844 et
505 796 578 844 cnrni
588 795 707 861 denique
717 795 895 846 imitatione:

93 860 185 911 Omnis
200 867 292 912 autern
305 861 424 912 imitatio
438 861 527 911 videri
540 861 599 911 vult
612 861 659 924 id,
671 860 745 928 quod
759 876 815 914 non
829 868 884 914 este

92 929 183 994 itaque
212 928 313 978 undam
325 941 427 992 genere
440 927 612 976 mendacium
625 934 675 979 est.
710 926 807 995 Neque
817 943 884 980 vero

92 945 325 1046 tantumhibenter
335 1009 368 1043 ea
376 995 500 1045 ridemus
512 1008 643 1060 expressa
652 994 804 1057 coloribus,
815 1007 893 1062 quae¹

93 1061 895 1128 senadelectantutnemnrurnpratorumqueviriditatem,·

92 1127 218 1180 tellurem
231 1127 379 1192 multiplici
391 1128 529 1177 variorum
540 1125 639 1178 florum
651 1129 772 1194 tegmine
788 1143 885 1194 opaea-

93 1199 155 1256 tam‚
166 1196 380 1264 eximiapuercs
391 1194 575 1259 mulieresque
587 1193 688 1258 lorma3
697 1195 785 1246 sedea
793 1198 885 1258 etiam,

94 1274 161 1326 quae
171 1276 238 1312 vera
250 1260 346 1311 videre
357 1251 507 1320 nollemds,
521 1259 685 1310 mirabiliter
693 1275 744 1311 nos
754 1262 829 1326 picta
839 1262 886 1314 de·

92 1323 206 1379 lectant:
235 1327 375 1378 Hercules
397 1327 502 1392 liberos
521 1325 706 1388 interficiens,
726 1327 884 1393 discerpens

94 1390 244 1446 Pentheum
261 1399 362 1454 mater,
381 1399 446 1443 rota
458 1392 568 1443 volutus
583 1391 673 1455 Ixion,
693 1394 771 1443 iecur
783 1395 884 1445 vulturi

93 1461 226 1525 praebens
241 1457 437 1521 Prometheus,
453 1465 600 1525 ceteraque
612 1459 646 1510 de
660 1461 801 1526 poetarum
811 1473 886 1512 men·

94 1527 178 1594 daeiis
197 1530 336 1595 pictorum
355 1527 434 1604 quasi
452 1532 606 1592 propagata
624 1526 775 1576 mendacia.
813 1526 887 1586 Quid

94 1592 245 1656 eluviones,
256 1593 394 1654 incendia,
404 1593 507 1654 ruinas,
521 1592 664 1643 domorum
674 1591 835 1660 urbiumque
847 1593 887 1652 di·

92 1659 232 1725 reptiones
246 1659 360 1725 loquarl
383 1673 452 1725 quae
469 1674 536 1710 vera
550 1659 611 1710 sani
626 1673 719 1714 omnes
733 1658 886 1726 refugiunt,

77 1747 80 1759 ·
93 1725 166 1792 pieta
178 1741 284 1778 summa
298 1741 359 1777 curn
371 1727 512 1792 voluptate
523 1729 672 1777 intuentur.
706 1727 746 1777 Ac
756 1728 886 1779 admirari

94 1792 202 1856 quidem
211 1794 346 1855 solemus,
359 1793 383 1844 si
395 1809 464 1860 quos
475 1794 616 1844 videamus
628 1791 714 1845 nihilo
726 1795 884 1847 maioreme
906 1823 907 1828 =

93 1857 177 1920 lictis,
192 1875 274 1926 quam
288 1873 303 1909 e
315 1860 404 1922 veris,
422 1859 590 1926 voluptatem
605 1862 759 1927 percipere,
780 1875 885 1928 eosque

93 1925 174 1975 rudes
193 1941 255 1978 esse
275 1931 357 1992 atque
375 1927 517 1994 impolitos
535 1928 698 1978 iudicamus:
729 1927 885 1979 cuiusmodi

93 1988 223 2044 illeLaea
243 1992 308 2054 fuit,
328 1994 375 2060 qui
390 1995 491 2044 ceteris
506 1994 627 2046 tabulam
641 1993 775 2061 quandam
789 1995 882 2060 magni
934 2029 936 2040 .

94 2051 272 2130 iacientibus,
291 2060 320 2110 in
341 2075 395 2128 qua
408 2061 498 2127 pictus
515 2066 575 2110 crat
587 2061 749 2137 praepingui
763 2062 882 2113 rusticus

95 2133 221 2188 corpore,
237 2127 272 2177 ad
281 2127 403 2177 umbram
415 2127 523 2177 arboris
535 2133 649 2191 stratus,
662 2143 833 2194 magnacum
847 2129 882 2180 si·

96 2189 268 2251 gnilicatione
279 2192 420 2259 languoris
431 2207 464 2244 ac
475 2193 612 2257 desidiae,
627 2195 741 2260 negavit
754 2195 883 2245 camsibi
965 2233 968 2240 ,

94 2252 214 2320 placere,
234 2259 308 2325 quod
324 2261 408 2310 taleni
422 2259 608 2312 hominemne
626 2261 716 2312 vivum
730 2259 839 2326 quidem
853 2261 882 2311 in

95 2320 204 2374 aedibus
214 2323 315 2376 habere
325 2328 418 2378 vellet.
452 2327 736 2390 Ethnacharsis***l‚
753 2329 800 2394 qui
814 2327 882 2380 iuri·

137 2444 146 2466 Ι

128 2438 158 2548 ⁸¹3
172 2441 264 2543 mh
273 2445 576 2558 hhhbuhhuihhiheedisetn
591 2504 618 2558 (i.
629 2517 648 2546 e.
658 2501 774 2558 probare),

120 2549 161 2603 Μ)
176 2551 325 2600 Anachanidi
334 2571 362 2600 au
372 2563 460 2602 veteres
470 2558 512 2601 hoc
523 2561 606 2602 dictum
617 2559 748 2606 tribuerint,
762 2568 806 2598 non
815 2554 881 2598 vacet

95 2609 204 2654 deterere.
232 2609 339 2662 Agesilao
352 2615 435 2656 tribuit
448 2612 584 2661 Plutarchus
594 2613 759 2668 Apophthegm.
767 2615 841 2666 pllll.
852 2611 877 2651 B.

94 2653 179 2705 liuhan
189 2683 218 2698 ·-
234 2664 291 2708 Rslr.
301 2667 367 2712 Ten.
377 2667 419 2714 vt.
429 2681 452 2725 p.
463 2671 511 2716 tls.
528 2669 595 2725 Ager.
605 2681 624 2714 e.
635 2673 669 2714 21.
685 2669 782 2724 bycurr.
792 2679 811 2710 e.
821 2668 856 2710 wi
