2140 3010
184 165 234 216 mo
369 143 416 214 'os
434 161 609 216 turono
625 161 785 214 moeror

183 271 276 317 torum
291 275 405 316 snorum
418 262 448 316 in
460 268 510 316 trra
520 263 646 314 bonitale
659 233 697 314 ac⁹
708 263 817 315 iustitia
831 264 983 320 collocare.

183 333 272 398 Atque
283 331 387 382 utinam
397 329 470 382 eain
480 343 522 384 erc
533 329 644 380 dicendi
654 330 695 382 uls
706 345 740 380 ac
750 333 832 398 copia
845 341 938 397 esset,·
954 343 984 386 ut
1052 379 1054 387 r

185 413 282 449 eorum
300 397 400 448 merita
412 411 513 464 resque
524 396 666 463 praeclara
685 404 780 464 gestas
794 400 923 451 oratione
938 415 985 452 cx-

42 451 52 462 ,
119 525 122 530 ¹
185 479 285 516 mm
302 477 424 531 ΜΘΝ,
442 463 517 531 quod
532 464 641 530 quando
659 477 772 530 sperare
791 479 847 516 non
864 465 984 530 datur*),

185 546 240 582 una
252 529 320 582 milri
334 545 398 598 spes
410 531 519 598 reliqua
529 536 587 593 est,
605 531 681 597 quod
691 530 814 582 dicturus
824 547 885 582 sum
896 533 931 584 de
941 549 983 588 re·

184 598 237 650 bus
252 605 281 651 et
292 597 484 666 pulcherrimis
498 604 527 648 ct
540 603 601 648 toto
612 598 683 659 orbe
694 597 934 651 celebratissimis:
952 608 984 658 ut

185 666 276 717 oratio
286 679 349 715 mea
358 665 481 732 quamuis
493 663 610 716 obscura
619 678 670 730 per
679 679 723 726 se,
742 679 777 715 cx
787 677 882 717 earum
890 672 982 717 tamen
1053 693 1054 706 r

185 745 289 793 rerum,
310 732 345 782 dc
361 730 570 797 quibus-agam,
589 731 725 797 dignitate
742 745 776 781 oo
791 730 853 782 luce
866 733 981 784 multum

185 798 341 866 splendoris
352 795 648 850 collecturarideatur.
673 797 809 864 Equidem
818 799 982 866 itaprorsus

185 865 326 926 existimo,
347 864 500 931 quicunque
515 864 614 932 priscis
624 864 793 932 temporibus
803 863 930 917 homines
939 882 984 918 sa·
1012 909 1019 920 s

184 930 351 999 pientissimi
366 930 400 982 de
411 933 515 998 optima
524 938 553 982 et
562 930 766 1000 perfectissima
774 931 919 997 republica
926 939 984 984 tra·
1053 957 1054 980 ;

186 998 327 1059 didcrunt,
343 1001 472 1064 ‘quaeque
488 1014 502 1050 s
522 1013 571 1064 par
585 1011 619 1049 ea
632 1013 663 1049 re
676 999 778 1050 litteris
790 998 958 1066 prodiderim

186 1079 220 1116 ea
237 1065 330 1116 omnia
342 1065 372 1116 in
385 1015 838 1131 militumkllierosolymitanorum
857 1065 982 1133 collegio

184 1131 273 1184 multo
296 1131 448 1198 perfectius
470 1147 551 1200 quam
572 1132 602 1184 in
618 1131 731 1184 illorum
750 1131 831 1184 libris
850 1146 987 1198 expressa

184 1200 313 1267 reperiri.
346 1199 479 1254 Naturam
489 1199 534 1250 illi
547 1203 631 1265 atque
645 1190 737 1250 ortum
750 1199 864 1250 multum
876 1199 981 1261 valere,

184 1273 216 1320 ut
225 1269 254 1318 in
263 1268 364 1320 ceteris
375 1266 572 1328 animantibus,
586 1267 627 1317 ita
636 1271 665 1317 et
672 1266 702 1317 in
711 1264 868 1320 hominibus
877 1266 983 1318 iudica·
1051 1265 1054 1352 j

184 1340 262 1387 runt:
289 1335 364 1402 quod
381 1333 577 1401 senonisque
595 1333 731 1384 maiorum
749 1347 862 1384 suorum
882 1332 983 1385 similis

186 1415 249 1454 esse
259 1403 357 1455 soleat.
383 1401 479 1468 ltaque
490 1401 537 1466 qui
547 1413 582 1452 ex
592 1399 632 1450 eis
641 1403 818 1466 praecipuam
828 1398 984 1455 habuerunt

186 1471 346 1536 opinionem
354 1467 516 1534 sapientiae,
530 1468 693 1532 ignavorum
706 1472 790 1534 atquc
804 1468 934 1518 inertium
944 1468 983 1518 ci·
1053 1485 1054 1500 ¹

184 1539 259 1588 rium
268 1537 384 1598 liberos,
396 1542 426 1586 et
435 1533 553 1586 eliorum
561 1547 674 1584 mancos
684 1539 732 1584 aut
740 1533 853 1586 mutilos
864 1548 896 1585 ac
907 1533 984 1586 dcoi-
1053 1565 1054 1570 κ

184 1603 310 1656 lesietus
320 1601 492 1656 abiiciendos
502 1601 597 1669 potius
608 1607 636 1652 et
649 1600 841 1667 exponendos,
859 1615 941 1668 quam
953 1602 984 1652 in

185 1671 299 1722 civitate
319 1670 434 1722 alendos
454 1683 516 1722 esse
536 1667 682 1720 duxerunt.
716 1669 751 1718 lii
768 1668 905 1728 rationem
921 1667 984 1719 sine

185 1737 243 1788 ulla
250 1735 449 1790 inhumanitate
459 1741 630 1802 repererunt,
644 1748 699 1804 qua
708 1740 943 1802 consequerentur
952 1734 984 1785 id

185 1804 260 1870 quod
272 1811 381 1858 veteres
397 1805 441 1856 illi
452 1818 487 1855 ne
501 1803 564 1856 fieri
576 1803 687 1870 quidem
699 1815 782 1869 posse
796 1801 983 1866 crediderant,

184 1879 215 1924 ut
223 1872 382 1940 respublica
391 1875 467 1923 esset
475 1869 544 1932 ulla,
559 1869 588 1920 in
599 1885 653 1937 qua
663 1883 752 1935 neque
765 1868 898 1936 ignobilis
909 1869 984 1936 quis·

204 1953 279 2003 uam,
298 1953 389 2006 neque
408 1950 526 2004 corpora
546 1950 643 2003 parum
660 1937 696 1988 ad
710 1936 838 1986 virtutem
851 1949 984 1987 exercen-

183 1954 249 2060 dam
275 2006 377 2064 idoneo
402 2008 570 2056 cerneretur.
615 2001 685 2054 Nam
707 2015 768 2050 cum
789 2000 898 2064 legibus
918 2009 984 2054 ante

186 2073 279 2126 omnia
291 2073 460 2132 sanxissent,
473 2083 508 2120 ne
521 2082 601 2134 quem
613 2071 643 2118 in
653 2065 777 2116 ordinem
787 2077 865 2114 suum
875 2067 983 2134 recipe.

184 2146 260 2203 rone,
277 2139 389 2204 quinon
399 2134 509 2186 etbono
521 2148 553 2185 ac
563 2132 651 2183 nobili
661 2144 763 2198 genere
773 2135 926 2198 prognatus
939 2150 986 2192 cs<

184 2213 237 2266 set,
255 2207 332 2255 etita
341 2218 374 2254 co
410 2214 459 2251 ore
469 2207 552 2266 atque
563 2198 676 2250 artubus
685 2203 854 2264 compactus,
869 2203 901 2250 ut
909 2203 982 2254 mili·

182 2269 378 2322 tareslaboros
402 2263 981 2384 acilctoleraturusvideretur‚inquonon

182 2343 331 2404 praeterea
341 2337 382 2390 ita
394 2335 502 2390 luceret
515 2334 625 2394 virtutis
637 2331 761 2398 indoles,
777 2339 808 2386 ut
820 2331 868 2386 nul
880 2348 897 2384 a
918 2349 980 2388 cum

225 2516 248 2572 ')
259 2515 298 2563 Sic
306 2519 389 2575 poitse
397 2516 531 2574 loquuntur,
548 2529 593 2560 non
605 2513 684 2560 cicero
694 2518 733 2558 unt
742 2515 790 2560 eius
800 2510 917 2569 aequales:
934 2513 978 2555 nisi

183 2572 244 2617 ioris
259 2577 294 2618 sic
306 2575 503 2632 accipissincie.
517 2575 545 2618 dc
558 2573 619 2616 Orat.
632 2573 664 2616 11.
677 2575 712 2617 25.
726 2571 833 2615 llulrnlr.
862 2569 979 2612 Ciceronis
1027 2607 1032 2612 .

183 2627 225 2672 Μ.
240 2632 310 2675 verius
326 2636 389 2675 sente
405 2631 433 2675 us
446 2633 532 2676 ambitu
541 2641 596 2672 raro
607 2629 666 2676 illud
674 2632 750 2680 mser,
759 2634 787 2672 ut
795 2626 870 2684 porri!
878 2622 978 2677 llbsslffi·

182 2687 595 2743 tstsnstosnimitntsnseiungere.
888 2689 893 2696 “
