2120 3018
176 177 208 226 52
465 171 618 225 ORATIO
636 171 686 224 vl.

823 233 828 260 l

175 283 234 327 tate
256 273 379 326 auditum
401 285 463 324 esse
485 274 657 332 meministis.
693 271 754 324 llllc
778 275 802 325 si
825 275 887 340 quis
910 277 982 354 quid¹

175 344 265 394 minus
278 340 429 401 intellexit,
449 339 517 390 licet
534 354 649 405 rogare,
668 339 736 390 licet
754 341 891 406 colloqui,
910 343 980 393 licet

175 409 284 476 placide
305 423 339 458 ac
357 407 486 469 comiter,
504 406 528 456 si
547 406 613 472 quid
631 407 681 470 sit,
701 406 735 456 de
754 421 808 473 quo
825 407 978 472 dubitetur,

143 559 151 578 κ
176 490 212 527 ex
232 488 332 592 ffi‘e
347 551 462 590 caussae
481 537 631 601 adducunt,
650 536 697 601 ut,
712 539 822 605 quoties
836 553 853 590 a
865 536 976 606 publico

174 621 288 660 munere
299 605 420 656 cessatio
430 610 482 665 est,
493 605 624 655 libentius
635 605 749 656 doceam
761 605 844 656 domi.
880 605 978 673 Neque

71 701 74 707 ,
175 674 286 734 dubito,
306 670 371 737 quin
392 669 446 720 boe
465 671 611 722 consilium
624 685 714 722 meum
735 687 830 722 onanes
849 673 931 737 aequi
947 683 977 723 et

175 739 271 790 harum
294 751 385 788 rerum
407 736 595 802 intelligentes
619 738 824 788 existimatores
849 739 975 804 probent.

173 805 217 856 De
238 819 292 870 quo
315 819 377 855 cum
396 810 425 853 et
442 802 547 868 aliquid
568 803 715 854 dicendum
734 803 832 866 fuerit,
859 811 888 854 et
905 805 975 855 satis

174 870 325 950 nrultaiarn
335 868 440 921 dixisse
450 869 558 948 ridear,
570 870 696 920 transibo
707 871 742 921 ad
753 871 820 932 alia,
832 884 902 936 quae
912 885 976 936 pro·

202 951 237 1053 ii
254 934 516 1070 tttttzltitt
532 934 975 1070 lituflamminia?

175 1069 332 1120 nominibus
350 1082 395 1119 me
434 1082 451 1117 o
472 1069 544 1137 apud
563 1083 613 1119 nos
633 1070 663 1120 in
675 1071 765 1138 pretio
780 1085 843 1121 esse
862 1069 973 1122 debent

175 1135 297 1187 Primum
308 1134 383 1203 quod
414 1135 535 1186 iceronis
546 1142 622 1199 sunt,
641 1135 694 1187 hoc
705 1144 761 1198 est,
779 1137 840 1187 eius
849 1136 914 1197 riri,
926 1138 973 1204 qui

174 1209 310 1269 perpetuo
326 1200 447 1253 omnium
460 1205 583 1254 aetatum
594 1218 735 1256 consensu
748 1204 821 1253 inter
832 1202 972 1254 Romanos

162 1269 328 1336 'scriptores
341 1267 517 1336 eloquentiae
531 1269 612 1321 laude
628 1271 668 1320 ita
681 1276 840 1322 numeratur
857 1269 970 1336 primus,

176 1344 207 1390 ut
215 1337 249 1388 ab
260 1351 294 1388 eo
306 1349 387 1386 aenio
398 1342 556 1387 uenter-etur
565 1336 743 1399 secundus*).
778 1335 886 1386 Deinde
896 1334 971 1402 quod

175 1403 273 1470 scripti
287 1417 304 1454 a
317 1403 452 1454 Cicerone
464 1403 518 1456 iam
532 1417 612 1464 seno,
629 1418 690 1454 cum
703 1403 852 1470 singularis
864 1403 914 1452 ille
928 1402 972 1452 vir

175 1476 311 1540 natusque
324 1469 352 1522 in
367 1469 540 1538 posteritatis
555 1470 722 1536 exemplum,
737 1477 766 1522 et
778 1469 864 1520 multo
876 1467 969 1519 studio

174 1538 323 1604 multisque
332 1536 437 1604 vigiliis
453 1543 481 1588 et
490 1537 575 1604 longo
590 1553 641 1588 usu
655 1552 688 1588 ac
697 1537 864 1589 tractatione
877 1549 971 1586 rerum

161 1605 354 1656 maximarum
365 1609 394 1654 et
403 1603 509 1666 multis,
521 1604 619 1671 quibus
629 1606 750 1670 agitatus
761 1610 834 1665 erat,
850 1601 969 1661 casibus,

174 1670 336 1722 immensam
351 1669 405 1721 sibi
415 1671 554 1738 quendam
568 1672 622 1722 rim
636 1669 789 1738 sapientiae
804 1685 837 1720 ac
852 1669 970 1735 prodeo·
1053 1703 1059 1725 ,

127 1755 141 1762 ·
174 1738 231 1787 tiae
243 1744 441 1803 comparasset:
464 1735 519 1794 luit
529 1737 601 1790 enim
612 1735 657 1787 blo
670 1749 757 1801 prope
771 1735 883 1786 ultimus
892 1735 969 1785 illius

174 1806 341 1869 praestantis
355 1805 462 1872 ingenii
471 1804 558 1864 ictus,
574 1809 604 1852 ut
617 1808 717 1880 postea
729 1804 818 1868 magis
831 1801 971 1916 intellipe-

173 1876 228 1920 tur.
264 1869 339 1924 Adde
350 1871 424 1938 quod
437 1871 534 1921 scribit
546 1869 580 1918 ad
590 1866 690 1928 tilium,
705 1873 734 1918 et
749 1871 783 1920 ad
794 1869 879 1918 lilium
888 1868 923 1917 m
933 1879 970 1916 ie·

174 1939 217 1988 nis
238 1944 366 2005 agentem
384 1938 412 1986 in
433 1937 561 1988 convictu
581 1948 613 1984 uc
634 1935 815 1986 contubernio
830 1931 971 1984 hominum

176 2004 413 2064 doctissimorum,
435 2008 467 2052 ut
482 1999 710 2052 verisimillimum
722 2002 770 2062 sit,
791 2008 819 2052 ct
838 1996 971 2049 summam

176 2071 210 2121 ab
224 2085 259 2123 eo
276 2084 369 2126 curam
384 2065 534 2118 adhibitam
543 2067 570 2117 in
581 2066 749 2136 colligendis
759 2068 879 2130 undiquc
888 2065 970 2115 bouis

175 2146 204 2189 et
211 2139 328 2192 utilibus
338 2134 587 2201 praeceptissquac
598 2138 764 2199 congereret
773 2133 802 2179 in
811 2144 861 2179 eos
872 2129 970 2192 libros,

175 2205 323 2272 exquibus
341 2199 452 2249 unicum
470 2206 498 2248 et
514 2195 595 2252 unice'
617 2213 709 2250 carum
725 2197 812 2246 illium
828 2195 970 2260 iegem'ac

174 2285 299 2324 normam
309 2263 494 2316 instituendae
504 2265 578 2317 ritae
587 2271 683 2332 petere
690 2263 882 2328 vellet,·neque
890 2261 971 2326 quid-

175 2352 255 2403 quam
274 2330 499 2400 praetermissum
517 2332 545 2383 in
564 2329 692 2382 limandis
714 2345 746 2383 ac
764 2328 968 2396 *perpoliendia

174 2417 244 2468 quae
259 2401 299 2451 ita
313 2395 511 2460 scriberentur,
531 2399 604 2450 utin
618 2411 680 2448 eam
693 2396 800 2459 urbem,
821 2411 892 2464 quae
910 2403 968 2450 mm

202 2519 222 2568 ·)
236 2515 255 2558 1.
271 2527 291 2557 e.
307 2515 345 2570 qui
360 2517 446 2556 aaran
459 2521 626 2571 ennumquam
639 2514 710 2568 gradu
721 2514 748 2557 ab
763 2517 812 2558 eiua
826 2517 969 2570 praestanti·

173 2571 274 2620 abesset,
283 2575 350 2626 qtiua
358 2569 478 2624 proximas
492 2569 559 2626 longo
569 2567 690 2616 intervallo
700 2573 817 2627 proximus
829 2583 878 2614 case
887 2572 968 2624 possit.

175 2625 222 2670 Cic.
232 2627 294 2671 Brut.
304 2629 338 2670 li.
349 2627 380 2668 ia.
391 2625 416 2668 L.
426 2625 550 2684 l'bilippus
563 2627 684 2692 proxime
697 2627 829 2676 cremabit,
848 2625 887 2668 sed
898 2626 966 2680 longo

137 2741 140 2746 Ι
175 2689 250 2730 tossen
259 2683 382 2730 intervallo
390 2684 518 2742 potimur·
533 2684 678 2735 dmartilim.
689 2681 714 2725 X
731 2680 750 2724 l.
761 2687 794 2726 5³.
