2120 3018
367 149 587 218 ollA'l'lolll.
835 157 868 208 25
954 139 956 144 ’

39 315 41 320 ¹
81 254 180 306 inbuta
190 257 267 314 suut,
288 251 329 303 ita
341 251 424 302 animi
441 265 510 318 quas
522 253 624 320 primas
640 251 785 320 opiniones
798 267 870 306 eom.
932 259 951 310 ·,

80 321 214 382 biberunt,
235 319 458 370 constantissime
479 325 601 370 servant:
623 320 772 386 diligenter
790 323 870 374 nobis
911 333 913 338 ’

18 389 20 394 “
80 383 223 452 ripiendum
237 392 293 447 est,
311 392 342 435 ut
355 385 384 434 in
398 385 526 452 gravibus
542 393 570 436 et
583 387 663 438 seriis
679 386 763 436 rebus
778 388 870 439 statim

44 475 45 478 ¹
80 452 242 520 aprincipio
261 453 418 514 videamus,
439 452 504 518 quid
523 453 694 503 verissimum
714 452 768 514 sit,
786 454 869 520 idque
931 477 952 508 ’.

80 521 165 570 animo
183 524 347 584 conceptum
367 532 401 567 ac
416 533 477 583 conr
497 517 641 570 reheusom
655 524 789 586 perpetuo
804 520 870 570 reti·

79 599 195 637 neamus.
229 585 348 637 loannes
359 583 445 650 igitur
456 531 679 649 CErysostomus,
691 586 738 652 qui
749 586 869 652 singulu-

79 666 131 717 rem
147 653 220 704 vitae
235 651 411 702 sanctitatem
425 649 579 700 admirabili
593 653 709 718 quadani
724 658 752 702 et
767 652 869 703 doctri·

79 733 126 768 uae
135 718 303 770 abundantia
313 723 342 768 et
354 716 464 767 dicendi
479 715 611 768 facultate
626 718 792 782 cumularat,
809 733 871 770 cum
923 743 926 748 ·

79 779 198 848 dixisset,
209 785 305 836 multis
316 783 463 833 absurdum
474 785 675 850 quodammodo
688 785 784 847 videri,
796 773 871 851 quod

77 849 149 902 Deus
167 855 229 917 pios
249 853 338 911 viros,
359 863 482 915 quosque
503 850 563 915 ipse
584 852 765 916 apertissimis
781 851 870 918 signis
931 910 938 918 r

78 917 126 966 ribi
137 918 370 968 carissimos‘esse
381 914 512 977 declarat,
522 917 681 984 plerumque
692 924 784 969 taurea
795 918 870 976 omui

79 997 174 1050 genere
184 983 367 1035 acerbitatum
378 982 479 1048 agitari
489 985 637 1050 vexarique
646 985 776 1050 patiatur,
785 984 869 1035 unde

79 1049 126 1100 cini
137 1065 249 1102 caussas
265 1047 359 1111 affert,
370 1063 418 1098 cur
427 1049 468 1098 ita
477 1049 536 1099 lieri
547 1050 688 1115 expediat,
699 1065 765 1117 quas
777 1051 869 1116 singo-

52 1151 53 1154 ,
79 1115 115 1164 las
125 1133 179 1167 non
192 1113 278 1167 modo
292 1129 443 1180 exponere,
454 1115 503 1166 secl
517 1117 599 1167 etiarn
613 1117 735 1168 breviter
748 1117 869 1167 illustra·

79 1195 106 1232 re
115 1197 146 1240 ae
160 1185 326 1234 confirmare
342 1179 462 1232 decrevi.
496 1181 590 1233 Prima
603 1184 689 1250 igitur
702 1190 755 1245 est,
770 1197 805 1232 ne
822 1181 869 1249 qui

23 1246 25 1250 '
78 1259 119 1298 res
128 1263 242 1316 magnas
254 1263 286 1297 ac
296 1247 453 1314 praeclaras
463 1255 570 1314 gerunt,
583 1256 731 1315 propterea
740 1247 870 1300 inflentur

42 1362 45 1370 ,
79 1325 108 1363 ae
130 1315 304 1381 superbiant,
327 1314 377 1364 sed
400 1315 570 1364 summittant
592 1317 710 1380 animos,
731 1329 869 1378 memores

78 1380 273 1432 imbecillitatis
301 1393 377 1430 suae.
419 1379 602 1430 Confirmatur
629 1375 682 1432 hoc
709 1379 869 1432 testimonio

78 1443 187 1498 Doridis
206 1454 237 1498 et
257 1445 351 1507 Pauli,
371 1459 485 1513 quorum
499 1446 547 1496 illo
562 1447 636 1497 bono
650 1447 704 1498 sibi
718 1446 806 1497 fuisse
820 1447 870 1512 ait,

23 1569 26 1572 ,
78 1512 148 1578 quod
163 1529 180 1564 a
193 1512 258 1564 Deo
276 1512 423 1578 depressus
444 1513 650 1580 castigatusque
666 1514 715 1574 sit,
734 1526 820 1578 seque
835 1525 871 1564 ex

78 1591 109 1628 eo
119 1581 206 1646 magis
216 1578 293 1629 illius
303 1578 615 1644 iustitiannperspicere3
635 1578 681 1630 hic
689 1585 797 1643 autem,
809 1593 870 1630 cum

78 1659 160 1711 usque
173 1644 336 1696 anites-tium
349 1645 456 1695 coelum
469 1651 562 1712 raptus
577 1651 664 1708 esset,
684 1660 771 1712 eaque
788 1645 870 1698 vidis·

79 1718 130 1772 set,
149 1726 219 1779 quae
233 1711 282 1762 vix
294 1709 399 1762 homini
413 1713 442 1762 in
456 1711 508 1761 hac
522 1712 579 1762 vita
595 1713 688 1763 videre
701 1712 743 1764 fas
760 1718 815 1774 est,
835 1725 870 1762 na

78 1784 224 1844 propterea
238 1777 293 1828 sibi
306 1777 441 1842 placeret,
455 1792 524 1828 neve
537 1779 732 1842 insolesceret,
747 1781 870 1831 audinum

79 1841 200 1896 ribiesse
215 1845 257 1894 ait
271 1843 398 1910 angelum
412 1845 542 1906 Satanae,
557 1860 637 1912 aquo
652 1847 730 1912 quasi
746 1844 870 1911 colaphis

47 1968 49 1974 ¹
79 1911 279 1972 caederetur4l.
312 1909 391 1960 Haec
405 1912 490 1978 igitur
500 1913 587 1976 priora
597 1927 695 1964 caussa
710 1920 761 1964 est.
795 1912 869 1963 Alte·

78 1987 120 2036 ra,
138 1991 172 2028 ne
192 1976 281 2030 ceteri
293 1976 424 2028 mortales
438 1979 466 2027 in
480 1991 602 2028 errorem
615 1977 773 2040 trahantur,
793 1985 821 2030 et
835 1977 870 2028 do

79 2042 279 2154 Bmestantibus
293 2042 374 2105 uiris,
388 2057 442 2094 non
455 2043 531 2094 utde
546 2043 713 2105 hominibus,
729 2045 779 2096 sed
791 2050 822 2097 ut
835 2044 870 2097 (le

105 2107 138 2159 iis
150 2107 312 2176 quibusdam
323 2109 493 2160 existiment:
511 2126 528 2160 a
538 2113 615 2161 cuius
626 2112 729 2162 erroris
743 2110 869 2177 periculo

80 2171 237 2236 liberantur,
246 2190 309 2242 ¹eum
318 2175 384 2228 illos
394 2191 509 2242 onagros
521 2183 549 2228 et
559 2180 689 2292 egregios
699 2179 774 2228 viros
784 2179 871 2228 multa

79 2244 184 2307 perpeti
198 2239 306 2304 vident,
328 2257 397 2308 quaa
415 2243 481 2292 illos
499 2257 554 2294 uon
599 2258 661 2306 eos,
681 2244 731 2294 sed
745 2243 871 2310 honrines

81 2317 139 2357 esse
155 2309 306 2361 declarant.
341 2307 410 2360 Nam
428 2309 452 2360 si
467 2311 513 2374 qui
528 2311 615 2360 nrulta
626 2309 702 2360 bella
716 2316 871 2376 gesserant,

82 2373 177 2431 multos
187 2375 271 2433 urbes
287 2380 526 2442 expugnaverant,
536 2376 623 2428 multa
635 2373 775 2427 homiuum
784 2376 873 2426 millia

84 2440 251 2503 occiderant,
272 2441 328 2492 anti
350 2443 423 2492 uitus
442 2442 471 2492 in
488 2440 612 2494 Deorum
631 2456 774 2492 numerum
787 2440 872 2493 stulta

81 2505 153 2572 vulgi
164 2509 293 2574 opinione
304 2457 507 2568 afferebantur,
523 2509 588 2576 quid
598 2508 701 2574 putatis
712 2512 872 2556 eventurum

82 2566 165 2624 iniisse
175 2574 219 2636 iis,
231 2575 279 2640 qui
288 2575 387 2636 verbo,
397 2575 442 2640 qui
454 2581 534 2637 nutu,
545 2577 591 2640 qui
601 2578 743 2631 anritemo,
758 2569 805 2633 qui
815 2581 872 2618 um·

108 2646 127 2704 ¹)
142 2645 173 2692 u.
183 2647 211 2692 etl
222 2646 325 2700 Cariath,
336 2660 356 2694 c.
368 2650 401 2692 12.
411 2650 432 2692 1.
443 2644 470 2688 ule
481 2645 606 2692 Dauiieci.
615 2645 656 2690 aa.
668 2645 714 2688 lli.
724 2653 757 2684 rs.
766 2640 800 2682 ll·
