2150 3012
333 165 487 243 casare
515 189 618 257 nvn.¹
713 213 716 218 ·
818 197 878 262 ror„

68 305 123 360 quo
134 289 170 342 ad
182 288 340 356 optimates,
348 295 379 342 ut
387 291 428 342 ita
438 291 673 355 dicam,redactae
684 302 757 359 sunt,
769 301 798 350 et
807 313 866 351 cer·

66 362 104 412 tis
122 373 139 409 a
156 357 339 423 scriptoribus
352 364 495 424 petuntur,
516 360 600 412 certis
618 364 727 432 regulis
742 379 774 416 ac
789 380 866 431 prae·

67 425 242 494 captionibus
254 423 539 487 continentunnrultis
549 429 605 478 iam
614 431 733 482 saeculis
744 431 816 483 lixae
827 439 879 483 at··

68 507 123 560 que
136 491 321 542 immutabiles
340 499 510 557 permanent.
522 501 525 505 ’
546 492 578 544 Si
592 494 621 544 in
634 496 712 563 vulgi
726 504 865 564 potestate

67 559 247 618 mansissent,
270 555 352 609 hodie
373 557 535 610 Ciceronem
558 573 614 611 non
635 562 865 630 intelligeremus,

17 671 18 676 ,
69 625 298 694 quemadmodum
310 639 348 675 ne
360 625 503 676 Ciceronis
520 626 631 692 quidem
644 631 814 696 temporibus
825 632 866 681 in·

68 693 268 759 telligebantur
282 705 328 753 ea,
348 705 419 760 quae
436 699 569 758 regnante
585 693 702 748 Romulo
716 703 765 748 aut
778 697 868 749 Nunra

69 759 173 824 scripta
183 763 273 819 erant3
291 758 374 808 immo
384 771 450 809 vero
461 761 537 824 ipsas
548 759 608 810 Xll.
622 762 777 815 tabularum
787 765 866 832 leges

69 827 161 894 pauci,
172 825 219 892 qui
227 823 426 892 intelligerent,
436 825 655 890 reperiebantur.
686 831 865 894 Etvidemus,

72 907 142 960 quae
162 891 270 958 vulgari
292 890 389 958 lingua
416 890 516 942 abhinc
538 895 755 972 quadringentos
778 913 866 951 annos
924 915 928 920 ·

71 961 175 1026 scripta
184 963 256 1019 sunt,
272 953 356 1010 hodie
366 972 421 1010 nou
430 959 560 1026 intelligo.
634 995 637 1002 .

110 1056 145 1111 m
153 1056 330 1128 syloaefolr’t'c,
342 1058 381 1111 ait
389 1057 571 1128 Horatium),
580 1076 682 1128 pronos
691 1064 868 1117 mutanturin

106 1187 200 1242 Prima
211 1189 317 1253 cudunt,
327 1189 368 1242 ito
378 1191 517 1244 verborum
526 1143 702 1246 adamarit
710 1203 793 1261 aetat,

103 1255 145 1308 Et
153 1257 274 1309 iuvenum
284 1257 339 1310 ritu
341 1256 447 1326 florent
455 1260 532 1309 rrrodo
543 1269 608 1310 nata
622 1261 773 1329 vigentque.

68 1355 139 1408 lllae
147 1357 235 1424 igitur
244 1355 356 1424 linguae
367 1358 493 1423 quotidie
502 1359 670 1424 moriuntur,
685 1360 810 1427 quotidie
820 1373 867 1414 na·

68 1429 197 1483 scuntur,
208 1425 278 1490 quae
288 1424 410 1489 pendent
419 1439 454 1478 ex
462 1425 577 1478 libidine
588 1426 732 1494 imperitae
743 1427 866 1480 multitu·
947 1462 949 1475 .

68 1491 156 1552 dinis,
176 1503 244 1555 quas
262 1497 353 1540 autem
373 1505 408 1542 cx
425 1493 523 1558 populi
542 1494 674 1548 servitute
694 1494 867 1546 eruditorum
909 1521 912 1530 ·

67 1554 866 1628 usrtsvindicavit,illaeconvivunttantum,sedimmorta·
936 1595 938 1600 -

67 1626 178 1676 litatem
188 1623 391 1690 quodammodo
405 1631 433 1676 et
445 1626 737 1691 immutabilitatenr**)
749 1624 865 1694 adeptae

67 1696 141 1744 sunt.
176 1691 211 1742 nt
221 1690 295 1808 sinoti
307 1693 440 1758 temporis
454 1693 482 1743 in
495 1693 597 1761 linguis
613 1695 753 1748 discendis
767 1709 865 1746 consu·

67 1761 165 1820 mitur,
181 1771 225 1809 me
238 1758 281 1809 ius
296 1758 379 1810 rebus
394 1758 462 1826 ipsis
477 1763 679 1827 cognoscendis
693 1761 865 1831 impendero·

67 1832 123 1877 tur,
157 1823 220 1876 Hoc
232 1831 422 1892 argumentum
431 1827 472 1877 ita
482 1827 590 1878 demum
599 1829 705 1896 aliquid
715 1831 829 1891 valeret,
840 1829 865 1881 si

66 1893 104 1954 ,ab
114 1891 177 1944 aliis
187 1893 369 1959 scriptoribus
379 1894 526 1946 verborum
538 1895 690 1963 elegantia,
705 1898 739 1948 ab
750 1897 813 1948 aliis
823 1910 864 1947 re·
899 1927 903 1932 -

23 1994 26 1999 s
68 1973 129 2008 rum
140 1960 263 2024 cognitio
278 1966 429 2026 peteretur.
464 1961 543 2013 Nunc
556 1963 596 2013 ita
609 1963 689 2014 nobis
702 1963 789 2014 sDeo
800 1978 864 2015 con·

43 2073 46 2078 .
69 2024 169 2076 saltum
179 2041 212 2076 ac
223 2034 401 2093 prospectum
415 2034 472 2092 est,
488 2037 519 2080 ut
532 2030 579 2098 qui
592 2030 699 2082 Graece
709 2030 864 2099 Latineque

68 2091 233 2158 politissime
252 2095 434 2162 scripserunt,
451 2095 535 2148 iidem
554 2098 638 2149 etiam
659 2099 863 2167 sapientissime

67 2160 241 2223 scripserint,
257 2166 351 2212 utnon
364 2162 398 2212 ab
409 2161 472 2214 aliis
481 2163 578 2227 verba,
597 2165 632 2216 ab
642 2165 705 2217 aliis
716 2181 807 2217 renam
817 2177 863 2217 co·

68 2226 864 2300 gnitionempetereoporteat,sedutraqueexiisdemfon·

7 2333 8 2340 ,
66 2292 141 2343 tibus
153 2294 250 2345 eodem
260 2301 384 2361 tempore
394 2294 504 2348 haurire
515 2297 607 2350 liceat.
642 2300 780 2350 At'omnia
789 2305 862 2350 aute

67 2359 175 2410 Graeco
187 2375 314 2414 sermone
322 2362 352 2412 in
362 2361 490 2414 Latinum
506 2371 554 2416 aut
567 2368 650 2417 etiarn
662 2380 696 2418 ex
706 2371 822 2432 utroque
833 2366 862 2416 in

65 2440 141 2486 eum,
157 2428 202 2494 qui
217 2426 299 2479 laniis
316 2443 425 2496 quoque
439 2435 468 2480 et
484 2431 701 2484 salsamentariis
713 2438 796 2483 notus
808 2437 860 2492 est,

66 2506 202 2545 conversa
211 2499 287 2557 sunt3
302 2495 342 2546 ita
352 2501 382 2550 ut
392 2503 440 2548 aut
449 2505 548 2549 neutro
558 2499 696 2550 illorumo
717 2499 802 2558 ussit,
814 2505 862 2548 aut

7 2597 8 2610 ,
64 2565 141 2612 certe
160 2560 248 2612 altero
268 2567 382 2614 tantum.
404 2563 481 2616 ,Heu
501 2577 545 2622 me
564 2515 715 2619 miserum?
731 2565 860 2617 cur-non

119 2639 141 2698 ¹)
156 2641 184 2686 Δ.
194 2643 222 2686 P.
232 2647 266 2688 60.
276 2657 323 2700 sqq.
567 2655 574 2660 ·

105 2697 139 2754 ’Ἴ
156 2700 411 2754 caesenatem.
446 2709 455 2726 ‘

82 2754 233 2824 ,Musam
254 2756 365 2809 on.11.
629 2759 654 2812 L
