2140 3010
207 2 211 27 l

86 171 95 182 -
166 135 233 209 ‘192
442 149 602 206 barrio
620 155 700 206 xm.

185 265 230 326 est
239 269 274 309 oc
286 253 422 314 concursu
433 255 554 306 omnium
563 255 704 318 ordinum,
717 270 752 310 ea
760 272 861 324 pompa
873 265 901 310 et
911 258 980 312 celo‘·

183 321 375 382 britttet'com
388 323 449 388 ipse
463 322 546 386 etiam
557 321 689 382 Pontifex
704 337 766 374 eum
780 339 862 390 quam
871 321 981 377 honori-

135 400 139 411 ¹
185 389 365 441 ticentissime
376 391 467 455 excipi
476 389 572 449 iussit,
592 395 622 439 ut
633 403 689 440 non
698 389 734 440 ad
745 389 889 443 dicendam
904 406 979 444 caus-

155 465 161 469 ·
184 465 242 507 sam
252 457 355 518 venire,
374 456 487 507 sediam
496 460 553 506 tum
564 455 758 520 pulcerrimum
767 456 802 510 de
813 457 979 508 obtrectato-

183 523 261 574 ribus
275 524 333 574 suis
346 521 513 588 triumphum
524 526 608 588 agere
621 521 770 573 rideretur.
805 522 934 590 Devertit
946 524 980 576 ad

134 587 136 594 ‘
182 591 253 640 lllud
264 589 349 640 decus
360 595 389 638 et
398 594 588 640 ornamentum
598 589 760 655 amplissimi
769 590 885 652 ordinis,
898 591 978 656 Alcy-

184 658 255 707 sium
266 655 440 706 cardinalem
453 655 610 716 distensam,
630 657 689 721 qui,
708 661 739 706 ut
752 659 886 722 sanguiue
899 658 977 723 regio

84 786 88 794 1
148 771 153 774 .
185 723 289 785 editus,
305 723 345 772 ita
354 723 445 771 animo
457 722 537 788 plane
548 722 627 787 regio
637 723 792 788 praedicas,
805 737 839 774 eo
850 723 928 774 cultu
940 730 979 773 at·

184 802 238 856 que
249 793 391 856 apparatu,
402 788 545 854 dignitatis
556 802 589 838 ae
597 789 782 840 venerationis
791 789 979 855 plenissimum

184 869 279 906 senem
289 853 360 920 apud
371 867 402 906 se
413 851 522 918 babuit,
541 853 573 906 ui
581 855 726 916 admiratio
742 856 826 907 etiam
841 869 890 906 eos
900 870 978 922 capo

183 927 236 982 ret,
266 921 303 982 ui,
314 921 424 987 quaein
434 921 497 973 aliis
506 921 680 974 admirabilia
688 921 825 984 videntur,
839 936 874 974 ea
885 921 978 972 Cardi-

184 987 242 1038 nali
269 987 364 1038 'stensi
373 989 476 1040 usitata
487 995 516 1044 et
523 988 685 1057 quotidiana
694 1003 756 1039 esse
766 995 908 1040 noverunt.
926 984 979 1038 lta·

185 1068 238 1125 que
248 1053 386 1106 interdum
398 1056 509 1108 auditus
520 1055 692 1122 estoptimns
702 1069 797 1116 senex,
812 1069 873 1107 cum
883 1055 979 1105 iocans

114 1137 116 1142 ·
140 1162 142 1166 .
185 1147 217 1160 -
227 1127 258 1170 ut
273 1135 372 1172 secura
384 1123 544 1174 innocentia
558 1130 612 1181 est,
627 1139 661 1160 -’
673 1121 790 1183 diceret,
808 1135 933 1187 nragnam
948 1136 979 1172 so

184 1189 302 1254 gratiam
315 1188 417 1241 debere
435 1188 669 1241 obtrectatoribus
688 1187 758 1239 suis:
779 1188 890 1239 illorum
906 1189 980 1242 enim

184 1267 270 1320 opera
289 1255 342 1306 sibi
362 1271 411 1308 eos
430 1255 551 1307 honores
569 1255 673 1306 Romae
693 1253 903 1322 babit0s‚,quos
919 1256 981 1321 ipse
1053 1253 1054 1264 ¹

173 1329 321 1390 nunquam
339 1330 436 1389 optare
455 1335 538 1373 ausus
558 1328 645 1385 esset3
672 1321 734 1386 plus
752 1322 838 1376 multo
856 1328 905 1374 eos
925 1321 981 1372 sibi

203 1387 323 1441 noluisse
336 1390 413 1451 odio,
433 1402 513 1453 quam
525 1387 658 1454 obsequio
668 1389 802 1454 prodesse
816 1389 980 1456 potuissent.
1053 1389 1054 1398 ¹

183 1403 258 1522 Ergo
275 1471 337 1507 cum
350 1469 413 1506 eum
426 1455 598 1516 totateiritas
611 1455 716 1508 inirinu
730 1461 812 1523 atque
827 1455 914 1506 oculis
924 1453 980 1505 fer-

183 1527 238 1581 ret,
263 1535 324 1572 cum
343 1521 701 1587 quacumqueincesserat,
727 1524 805 1590 quasi
826 1521 981 1587 exemplum

182 1587 320 1653 quoddam
335 1589 465 1654 antiquae
481 1590 643 1640 virtutis-ac
659 1589 806 1656 probitatis
819 1588 979 1656 spectaculo

182 1658 271 1716 esset3
290 1667 350 1703 cum
366 1667 428 1704 eum
442 1653 573 1706 Pontifex
585 1655 705 1708 libenter
718 1655 838 1717 audiret,
861 1655 981 1718 libenter

127 1734 130 1740 ·
182 1717 301 1778 videret,
328 1720 430 1773 eximia
453 1721 569 1787 quadam
593 1723 709 1774 caritate
735 1722 979 1788 complecteretur:

173 1783 280 1848 dolore
292 1786 387 1837 lateris
397 1795 540 1854 correptus
551 1794 580 1840 et
593 1789 665 1840 intra
680 1804 783 1856 paucos
798 1789 858 1842 dies
870 1788 980 1850 absum·

179 1858 243 1914 ptus
255 1859 309 1914 est,
328 1859 384 1904 tam
395 1854 504 1920 placide
515 1872 547 1908 ac
557 1856 669 1918 leniter,
688 1862 767 1908 tanta
775 1869 837 1907 cum
846 1853 980 1905 testifica·

179 1917 256 1968 tione
267 1921 379 1984 pietatis
390 1920 575 1984 Christianae,
589 1927 619 1971 ut
629 1937 752 1988 magnam
763 1934 840 1986 spem
850 1920 979 1976 carnibus

95 2041 99 2050 ἡ
138 2039 141 2044 ,
178 1980 290 2047 fecerit,
311 1988 527 2038 nontamillam
541 1986 980 2052 mortem,11uammigrationem

178 2061 214 2102 ex
223 2053 392 2104 mortalitate
402 2051 678 2102 adimmortalitatem
687 2049 783 2104 fuisse.
804 2049 981 2109 Quemenim

176 2119 271 2182 paullo
282 2124 346 2168 ante
356 2119 401 2179 iis,
417 2131 434 2166 e
443 2115 542 2182 quibus
555 2118 677 2182 graviter
687 2116 862 2174 laesus'erat,
876 2117 977 2181 agnito

176 2193 272 2233 errore
282 2183 390 2232 veniam
403 2183 574 2248 petentibus,
595 2187 650 2232 tam
664 2181 747 2232 facile
760 2181 903 2248 ignovisse
917 2197 977 2236 me-

174 2247 314 2309 minianum
334 2248 394 2298 eiu's
409 2247 654 2314 quoquepeccatis
667 2247 751 2298 facile
766 2248 976 2315 adivinabonj.

174 2320 232 2364 tate
243 2314 367 2378 ignotum
379 2327 441 2366 osse
451 2314 625 2366 confidimus.
661 2315 768 2376 Quodsi
781 2315 859 2382 quid,
879 2322 910 2365 ut
923 2313 975 2370 hu·

96 2413 99 2418 .
175 2393 254 2428 arana
269 2377 407 2446 fragilitas
423 2381 491 2451 fert,
511 2381 539 2432 in
554 2382 563 2431 i
584 2397 616 2434 so
633 2383 704 2434 vitae
720 2385 796 2437 exitu
807 2381 974 2450 expiandum

173 2443 472 2516 adhuceluendumque
483 2464 551 2516 supe
578 2452 630 2502 uit:
645 2457 745 2502 certos
766 2453 885 2510 eramus,
898 2448 973 2512 fore,
1053 2469 1054 2474 ¹

174 2520 204 2561 ut
213 2518 269 2564 tam
279 2513 372 2566 multis
384 2517 520 2568 ecelesiae
530 2519 669 2584 precibus,
682 2525 712 2569 ta
747 2519 841 2568 multis
852 2515 971 2567 eleemo-

173 2581 265 2642 synis,
289 2587 345 2631 tam
368 2585 461 2636 multis
482 2585 669 2640 oblationibus
689 2592 717 2638 et
734 2592 841 2654 tempus
862 2597 970 2650 [meunt
1053 2609 1054 2642 r

173 2645 353 2702 coenabatur
363 2659 391 2706 et
402 2653 485 2706 ardor
494 2654 647 2722 mitigatam
