2150 3012
414 143 567 200 canalo
583 142 649 198 XV.
878 145 927 200 133
1007 137 1013 150 ’

123 227 277 316 occupata.
310 246 348 298 At
358 245 387 296 in
402 245 500 296 artium
515 251 670 296 nocuerunt
690 243 791 298 rtudiie
809 247 834 298 ei
848 262 928 314 quarn

129 316 265 381 tempolie
280 320 386 380 partem
400 311 530 378 languori
543 328 575 362 ac
591 313 715 363 desidiae
730 313 854 375 dederis,
873 330 928 366 non

128 384 158 435 id
170 383 253 432 niodo
264 381 371 447 perdia,
388 381 462 446 quod
473 379 582 430 interea
591 379 699 430 discere
711 380 859 446 potuisses,
879 381 929 432 sed

32 482 39 498 .
127 447 204 500 bona
221 462 375 516 magnaque
396 461 459 512 pars
479 461 588 506 eorum,
612 461 681 513 quac
705 447 760 496 iam
780 446 927 508 didiceras,

129 516 232 566 evolat.
274 513 435 582 agricolae,
462 528 495 563 ne
515 513 647 564 continua
665 515 773 564 catione
794 515 929 564 emacient

129 582 235 643 oolam,
249 589 358 642 tonsae,
372 587 402 630 ut
412 579 524 646 poeta*)
536 579 671 645 loquitur,
691 580 805 630 novales
816 581 929 631 alternis

130 662 242 700 cessare
253 649 404 713 patiuntur,
419 649 548 714 agrique,
564 645 610 711 qui
622 644 675 697 boc
685 647 768 698 modo
779 647 927 713 interquie-

129 721 241 778 verunt,
260 715 406 764 uberiores
426 728 461 764 cx
480 728 510 762 oe
529 711 625 778 fruges
645 712 745 764 efferre
764 713 841 764 eoliti
856 719 927 764 eunt.

129 782 193 834 Alia
212 782 387 848 ingeniorum
411 781 495 830 ratio:
532 777 602 829 nihil
624 793 658 830 ea
676 781 765 846 magia
785 779 929 843 laetificat,

127 864 212 916 quarn
226 847 323 898 avidus
336 853 365 898 et
376 846 534 912 inexpletus
550 853 678 897 exactor:
701 848 858 898 cessatione
875 853 930 899 ete·

130 917 273 966 rileecunt.
308 915 383 980 Ergo
398 915 468 964 utin
485 913 599 963 levioris
615 928 715 979 operae
730 915 823 965 studio
837 914 929 980 prodi-

130 990 189 1034 tum
199 982 300 1044 est**)‚
311 981 406 1048 egregi
411 995 454 1031 urn
465 980 666 1043 artificenr***)
673 995 808 1047 nunquam
817 981 939 1046 solitum

129 1049 352 1116 praetermittere
364 1047 449 1098 ullum
460 1047 543 1108 diem,
554 1049 619 1114 quin
629 1046 729 1098 lineam
744 1048 870 1108 duceret:
888 1047 930 1100 eie

132 1115 308 1183 eloquentiae
318 1115 428 1165 laudern
440 1115 573 1164 ambienti
587 1115 722 1182 praecipit
731 1115 768 1164 M.
780 1113 931 1178 Fabium,

131 1183 256 1250 quetidie
268 1182 414 1232 dicendum
426 1195 488 1230 esee
499 1179 619 1244 aliquid,
633 1181 780 1246 etquidem
796 1180 931 1232 audienti-

128 1250 183 1301 bus
194 1250 294 1300 ductio.
330 1247 386 1299 Sed
396 1247 538 1311 relanguit
547 1247 603 1298 ianr
617 1247 721 1360 pridem
736 1245 876 1298 hominurn
890 1249 930 1300 iu·

131 1317 252 1378 ductria;
274 1317 426 1364 restinctus
441 1319 485 1364 eet
498 1318 577 1362 vetus
596 1311 617 1361 il
630 1325 646 1360 o
663 1312 697 1361 ad
712 1311 842 1364 honestae
857 1321 932 1366 artes

131 1383 217 1434 ardor
230 1382 395 1442 animorum
417 1379 526 1430 nobiles
539 1378 606 1428 illae
626 1379 853 1440 exercitationes,
875 1383 932 1446 qui·

131 1450 184 1500 buc
199 1447 271 1514 apud
286 1446 432 1511 antiquos,
451 1444 586 1496 laudabili
599 1445 799 1507 aemulatione,
818 1446 932 1498 iurenee

131 1517 206 1566 inter·
225 1527 256 1564 sc
277 1510 312 1566 de
332 1510 528 1577 consequendo
544 1512 709 1567 eruditionis
728 1527 760 1562 ac
779 1513 932 1576 sapientiae

131 1582 289 1648 principatu
299 1576 516 1638 contendebant,
530 1578 571 1628 ita
581 1593 615 1630 ex
625 1595 677 1630 usu
690 1585 719 1630 et
732 1580 932 1632 consuetudine

131 1649 259 1699 rublatae
270 1647 343 1706 eunt,
358 1651 491 1696 uteorum
501 1646 548 1695 vix
559 1645 680 1696 umbram
691 1661 724 1696 ac
733 1646 880 1712 vestigium
890 1661 933 1698 re·

131 1718 279 1768 tineamus.
309 1713 347 1763 Ut
356 1711 443 1778 igitur
453 1711 589 1778 Virgilius
595 1711 648 1776 ††)
659 1715 707 1774 ait,
718 1715 824 1763 minora
833 1716 861 1764 in
872 1714 932 1766 dies

132 1781 250 1848 produci
264 1778 406 1832 bominum
420 1793 551 1846 corpora,
571 1795 652 1846 quam
667 1780 787 1846 antiquis
802 1782 933 1848 tempori-

132 1849 184 1900 bur
197 1848 313 1907 fuerint,
329 1846 405 1913 quod
418 1853 446 1898 ct
459 1851 537 1896 tanto
552 1851 615 1896 ante
625 1845 764 1896 Homerus
770 1845 845 1911 †††)
857 1847 932 1900 dixe-

133 1917 198 1966 rate*
218 1916 259 1964 ita
277 1914 415 1975 videniur,
440 1913 625 1968 eruditionem
645 1911 785 1964 bominum
806 1915 930 1981 qnotidie

131 1981 307 2044 decrcecere3
333 1981 418 2032 atilli
433 1979 516 2032 bodio
531 1979 643 2032 ordines
663 1981 776 2044 ducant,
797 1981 844 2050 qui
864 1981 930 2034 olim

110 2137 121 2148 -
168 2113 456 2212 J){}'⁸fi·⁰⁰⁰¹fi'¹¹'³¹'
569 2151 574 2180 Ι

137 2246 143 2258 ·
159 2169 729 2278 m}1·i..1¹t⁰‘n'i011¹2¹1⁸113in³n‘.¹¹dln.xxxv.m.n.
741 2222 873 2279 naamon
884 2223 930 2268 rnre

130 2285 243 2334 perpetua
253 2281 399 2330 conrrratudo.
411 2293 523 2334 nunquam
534 2283 579 2322 tarn
590 2287 720 2334 occrrpatarn
733 2282 790 2322 diem
801 2281 890 2334 agendi,
904 2287 930 2322 nt

119 2339 175 2375 ‘nnn
190 2333 273 2377 lineam
286 2335 387 2378 ducendo
402 2341 521 2380 exerceret
537 2340 621 2378 erton»
641 2337 699 2390 quod
713 2337 742 2401 ab
758 2349 784 2400 ρο
798 2337 822 2377 in
837 2348 929 2392 prover-

129 2390 190 2432 bium
203 2392 274 2458 venit.
302 2389 387 2436 Notum
402 2395 438 2436 ert
447 2392 604 2446 proverbium
619 2394 684 2438 tuella
694 2395 738 2435 dus
747 2404 794 2433 nne
804 2389 875 2444 linea,
889 2404 929 2440 ιο-

130 2453 167 2492 m
176 2445 320 2544 nerrappppia
329 2501 377 2545 dier
387 2502 465 2552 abeat,
497 2505 536 2546 nin
544 2501 607 2546 line·
618 2502 685 2546 dueta
694 2502 802 2558 inponit.

140 2555 206 2722 xp)
217 2555 329 2600 lnrtitutt,
340 2563 396 2600 nent.
405 2557 438 2599 X.
448 2561 468 2602 ἵ.
479 2517 498 2614 g
509 2563 543 2602 tt.

202 2614 209 2660 )
220 2612 278 2655 Aen.
287 2611 343 2654 xit.
352 2615 401 2656 ⁹⁰0.

197 2666 208 2722 )
218 2666 285 2712 llied.
296 2668 324 2710 V.
334 2671 381 2741 ³⁰⁴:
400 2666 456 2714 ΧΠ,
465 2671 515 2714 tto.
