2150 3012
415 173 567 226 onsuro
586 173 619 226 x.
876 179 909 232 aa
938 155 975 213 f

107 278 176 328 bere
188 274 303 327 dicendi
314 280 390 336 sunt,
411 289 490 341 quarn
501 275 650 326 summaria
660 276 793 342 quaedam
805 285 864 342 aut,
879 289 910 333 ut

104 344 282 394 vetustiores
293 340 827 408 loquebantur,breviar·iahistoriarum3
846 360 908 398 con·
978 398 982 402 ,

104 410 247 460 tinuatam
258 413 363 469 autem,
376 415 408 458 ut
417 407 558 458 Valerium
568 407 719 460 Maximum
728 415 757 460 at
766 410 837 462 aiios
849 413 908 463 eius

105 475 268 543 exemplum
278 480 391 526 secutos
402 474 435 525 ab
447 472 643 528 historicorum
653 489 767 526 numero
779 477 907 530 excinda-

103 546 174 593 rem.
200 541 301 608 Longe
312 541 385 592 einim
395 540 470 592 aliud
481 546 525 592 est
534 539 679 592 historiam
688 542 821 606 scribere,
831 543 907 596 aliud
995 543 997 548 '

105 607 238 688 erantpla
249 607 351 659 similia
362 621 397 658 ax
411 604 537 658 historiis
549 607 680 702 oollaota,
690 608 742 660 sub
751 624 820 675 unu,
833 611 906 678 quod

105 673 646 794 ffli’frssrchargls'atmffifflghqssugrjnod
660 741 796 809 principio
806 758 905 810 posue-

105 821 177 870 ram,
195 806 344 858 historiam
359 819 422 859 assa
437 819 529 857 rorum
544 755 655 872 triaiios
671 816 810 874 gestarum
825 810 904 863 ditin-

104 889 164 926 sam
175 879 205 926 et
214 874 404 926 continuatam
413 873 608 926 narrationem.
643 875 751 939 Cetera,
762 878 796 929 da
807 877 904 946 quihus

105 941 200 992 dicere
214 940 405 1001 institueram,
425 967 457 978 -
472 947 537 995 sunt
550 945 642 994 autem
653 939 733 997 haec:
752 943 786 994 da
796 943 905 1012 legibus

104 1009 133 1060 in
144 1007 267 1060 historia
276 1006 432 1068 servandis,
444 1007 478 1058 de
487 1006 685 1086 pulcritudine,
697 1011 842 1074 suavitate,
853 1014 905 1062 uti·

103 1075 185 1127 litata
203 1072 355 1134 historiae,
374 1079 432 1124 tum
448 1071 514 1140 quid
529 1076 676 1142 praecipua
694 1075 842 1129 observare
859 1078 904 1130 da·

104 1141 201 1204 beant,
218 1141 268 1209 qui
283 1139 414 1192 historias
426 1140 536 1208 legunt,
550 1168 583 1179 -
604 1155 638 1194 aa
649 1141 736 1208 igitur
751 1149 779 1194 at
794 1145 827 1194 de
843 1144 904 1212 ipso

106 1205 243 1262 Sallustio
264 1207 399 1274 quasdam
418 1207 533 1274 cognitu
549 1207 645 1274 digna,
664 1221 698 1258 ua
714 1207 834 1262 at'vobis
848 1225 904 1264 mo-

105 1273 208 1327 lestiae
236 1279 266 1326 et
293 1273 357 1326 aliis
384 1273 582 1342 impedimento
612 1273 684 1337 sim,¹
706 1274 905 1332 incrastinum

107 1340 307 1400 differantur,

139 1407 204 1460 Non
222 1406 333 1468 dubito,
354 1403 387 1458 L.
399 1405 430 1457 c.
439 1404 474 1458 V.
485 1403 610 1474 P.,quin,
630 1407 785 1474 quicunque
805 1414 832 1458 ta
852 1406 905 1460 huc

107 1471 224 1527 honoris
237 1475 295 1526 mai
308 1486 408 1527 mussa
420 1475 528 1526 renim
542 1473 651 1536 rident)
668 1480 697 1524 et
709 1471 905 1526 humanitatem

107 1554 176 1609 arga
189 1557 234 1594 me
250 1547 326 1592 tuam
341 1539 522 1603 admirantur,
541 1546 570 1592 et
587 1554 631 1593 me
644 1540 695 1596 tibi
710 1540 856 1606 plurimum
871 1557 904 1596 eo

106 1607 220 1659 nomine
234 1607 337 1659 debore
352 1606 527 1658 arbitrentur.
562 1605 623 1674 Ego
634 1611 726 1658 autern
735 1607 854 1673 ingenue
865 1605 905 1659 fa·
995 1609 997 1614 '
1060 1649 1061 1687 3

106 1681 181 1739 taor,
197 1673 287 1727 nihilo
302 1687 346 1724 me
360 1672 571 1740 tibipropterea
584 1687 646 1724 esse
661 1687 741 1740 quam
754 1679 837 1726 autea
847 1672 904 1726 fue·

106 1755 165 1792 ram
180 1741 390 1794 devinctiorom.
426 1739 477 1792 Cui
491 1738 563 1791 enim
577 1739 669 1794 omnia
683 1739 784 1802 debeo,
800 1740 865 1808 quid
878 1744 906 1792 ai

106 1809 161 1860 iam
172 1807 276 1862 debere
290 1807 407 1874 amplius
417 1805 537 1874 pessimi
567 1806 659 1870 Quos
670 1821 704 1858 ne
715 1807 906 1876 illud‘quidem

106 1872 175 1927 mihi
184 1873 335 1927 curandum
346 1880 429 1942 puto,
443 1879 474 1926 ut
483 1871 534 1924 tibi
544 1873 683 1992 εκῖιιίεῆο
694 1873 787 1942 aliquo
800 1877 903 1928 oratio·

107 1941 150 1991 nis
180 1957 265 1994 onera
274 1943 380 2008 gratias
391 1955 479 2008 agam.
514 1939 573 1994 Ista

107 1957 301 2070 otafieneiicia
310 2007 402 2058 verbis
410 2021 564 2074 exaequare
571 2021 654 2074 posse
664 2006 814 2062 confidunt.
832 2006 904 2061 Mihi

107 2072 162 2124 iam
172 2075 280 2140 pridem
289 2073 417 2140 adempta
427 2089 460 2126 aa
467 2075 595 2140 praecisa
605 2088 668 2140 spes
677 2075 765 2126 omnis
776 2079 819 2126 est
844 2075 903 2128 oid·

108 2152 189 2204 quarn
202 2139 393 2208 excogitandi,
409 2143 485 2208 quod
494 2143 550 2192 tuis
561 2155 629 2258 erga
640 2154 684 2194 mo
696 2141 840 2200 inuuruara
859 2141 901 2194 ili-

107 2203 157 2258 bus
167 2211 274 2262 maritis
286 2207 343 2260 ulla
354 2213 475 2276 exparte
486 2220 587 2274 respon
609 2212 661 2260 eat.

135 2307 155 2358 ·)
171 2309 196 2358 Q.
211 2303 485 2362 Git.·dapatitoous.1.
502 2311 528 2350 nt
541 2319 579 2357 aa,
598 2319 655 2361 quaa
668 2305 692 2348 in
710 2317 735 2349 ra
755 2308 860 2364 dispersa
877 2313 903 2351 at

108 2360 336 2476 lcutfflt'anerrrdfflsrasrrrhu
346 2375 407 2414 assa.
421 2363 510 2410 rationo
523 2367 547 2406 at
557 2362 717 2408 diutributioat
729 2361 771 2407 tud
780 2374 824 2406 w
834 2375 899 2420 aspa·

407 2567 611 2592 m-

594 1939 765 2006 aciant‚„qni
780 1943 809 1992 ie
826 1955 903 1992 acce·
964 1964 967 1969 ·
1058 1935 1059 1944 ’
