2150 3012
164 189 167 193 -
193 159 242 212 rso
266 129 267 134 ‘
461 155 614 214 onorio
632 156 714 234 ιιι.

230 255 237 267 “
508 313 516 317 .
547 271 652 323 curs'
763 267 774 296 ²

141 417 143 420 .
190 335 992 430 rurnnrnurnnrrncrrnnnrurrsrours

334 452 559 506 cronnorus
576 453 629 504 nu
646 453 842 506 ,suricum

256 547 924 634 ORATIOXVI.

226 699 356 740 uscire
385 699 497 738 noune
528 700 652 738 ensuite
682 701 759 740 non.
785 691 955 758 novories.

447 785 715 822 -unnxxxrm

137 886 141 895 s
183 903 185 906 -
207 837 349 922 'Ludere
364 871 527 938 quibusdam
544 869 674 922 fortassis
690 879 719 922 et
728 873 834 924 devexa
842 873 897 923 iam
907 873 937 922 in
947 888 990 926 se·

192 940 264 988 nium
280 944 372 998 aetate
386 953 511 989 caussam
527 939 668 988 minuendi
682 938 787 990 laboris
797 953 932 1007 quaerere
952 941 991 992 vi·

103 1011 106 1019 '
193 1005 291 1066 deboc,
309 1006 356 1072 qui
367 1020 454 1071 usquc
465 1003 615 1068 anienem)
626 1007 654 1055 in
665 1007 835 1073 gravissimis
851 1012 992 1072 praestan-

191 1071 361 1122 tissimorum
377 1073 544 1138 scriptorum
558 1072 637 1124 libris
653 1087 748 1123 eorum
759 1073 807 1140 qui
821 1075 855 1124 ad
870 1087 912 1122 me
926 1087 991 1124 ven·
1022 1107 1029 1112 -

99 1159 102 1164 ·
191 1139 310 1189 titabaut
327 1139 491 1190 industriam
506 1153 638 1191 exercere
653 1140 768 1201 solitus,
792 1138 844 1190 hoc
859 1154 930 1189 anno
947 1139 991 1190 ei-

192 1207 301 1256 ceronis
317 1206 451 1274 epistolas
465 1206 500 1256 ad
509 1207 628 1259 Atticum
641 1204 708 1257 mihi
723 1209 886 1272 sumpserim
906 1206 990 1256 inter·

191 1273 348 1340 pretendas.
383 1273 426 1324 ita
441 1277 514 1326 enim
528 1274 612 1340 vulgo
627 1287 789 1339 persuasum
804 1280 860 1334 est,
881 1285 990 1323 onmem

192 1340 372 1406 epistolarum
393 1342 543 1392 lectionem
564 1341 627 1390 leve
647 1339 777 1405 quiddam
800 1355 832 1390 ac
853 1339 989 1390 ludicrum

136 1413 138 1418 ’
192 1421 264 1470 esse,
282 1410 425 1474 magisque
437 1408 471 1456 nd
481 1405 602 1472 pueriles
613 1409 718 1456 animos
730 1407 823 1472 aliquo
835 1407 991 1456 litterarum
1068 1397 1069 1418 ¹

192 1481 276 1542 gustu
290 1472 466 1534 imbuendos,
488 1487 568 1540 quarn
579 1473 613 1522 ad
624 1473 770 1524 retinenda
780 1475 939 1540 graviorum
949 1473 988 1522 vi·

191 1553 285 1592 rorum
308 1540 402 1591 studia
424 1539 670 1591 accommodatum.
710 1539 753 1590 De
776 1555 830 1607 qua
848 1540 989 1606 opinione,

191 1621 259 1657 rere
276 1621 362 1657 necne
383 1607 480 1670 sit**),
504 1619 670 1673 quaeremus
687 1613 795 1673 postea.
836 1606 915 1660 Nunc
935 1603 989 1658 hoc

192 1673 308 1724 dicoz'si
317 1672 434 1724 maxime
445 1673 547 1735 fatear,
563 1675 717 1741 quaesiisse
730 1689 775 1725 me
788 1674 924 1726 rationem
939 1670 989 1720 ali·

192 1753 286 1805 quam,
321 1753 356 1788 ue
371 1739 431 1788 sine
442 1740 500 1792 ulia
513 1742 643 1793 utilitatis
657 1741 784 1808 publicae
799 1741 988 1793 deminutione

191 1820 254 1874 pars
269 1753 336 1854 miii
349 1804 453 1858 laboris
473 1808 567 1875 aliqua
586 1808 755 1871 demeretur,
774 1809 822 1874 qui
841 1813 932 1856 comen
953 1818 988 1854 eo
1068 1799 1069 1860 ι

139 1896 143 1900 -
192 1872 301 1922 nomine
311 1885 355 1922 me
366 1873 562 1940 reprehendat,
582 1877 663 1926 nimis
674 1891 736 1926 eum
752 1880 890 1940 agrestem
905 1879 989 1937 atque
1064 1911 1067 1924 .

191 1937 368 1990 inhumanum
381 1940 453 1993 fore.
498 1943 568 1994 Nam
582 1957 643 1992 cum
657 1955 702 1991 me
715 1941 833 2008 populus
850 1941 989 1991 Ronrauus

191 2003 242 2056 hos
253 2019 340 2075 prope
348 2008 506 2074 iamriginti
517 2007 711 2059 annosvidcrit
720 2007 759 2056 ita
768 2013 903 2071 perpetuo
913 2019 989 2055 man·

125 2123 126 2126 ,
191 2072 284 2124 datum
294 2071 361 2124 mihi
370 2091 468 2125 munus
480 2077 637 2134 obeuntem,
657 2087 737 2123 nemo
748 2079 919 2135 utnusquam,
940 2072 990 2137 qui

93 2184 95 2187 .
191 2140 302 2207 quidem
320 2140 390 2191 hmrc
404 2141 573 2206 provinciam
588 2139 755 2198 sustineret,
773 2143 820 2186 out
835 2136 926 2200 plures
939 2146 992 2191 aut

191 2203 337 2273 graviores
358 2208 510 2270 scriptores
533 2211 581 2255 aut
601 2205 701 2255 maiori
720 2203 841 2253 omnium
865 2206 989 2256 actatum

175 2270 369 2338 'omniumque
397 2271 524 2322 ordinum
546 2285 683 2322 concursu
711 2271 908 2333 interpretatus
928 2272 988 2326 ,sits

191 2353 261 2404 quae
272 2337 377 2388 invidia
390 2335 486 2400 fuerit,
502 2344 568 2388 natu
580 2339 635 2388 iam
649 2335 825 2404 grandiorem
840 2336 988 2404 minusque

189 2405 217 2454 in
234 2403 297 2455 dies.
308 2402 480 2470 perferendis
494 2404 636 2456 laboribus
649 2405 793 2468 idoneum,
805 2404 942 2456 mollioris
953 2419 987 2458 ae

229 2503 251 2557 ³)
262 2499 357 2546 Terent.
368 2503 438 2546 Andr.
448 2503 478 2548 11.
490 2508 509 2548 l.
519 2508 540 2548 3.
603 2492 607 2502 ’

203 2555 238 2602 Ut
247 2560 333 2602 enimus
343 2560 365 2601 in
376 2573 417 2614 spe
427 2565 494 2616 etque
504 2563 528 2604 in
538 2561 619 2605 timore
627 2576 694 2621 usque
702 2561 801 2606 antehac
810 2565 910 2605 attentus
920 2561 972 2603 iuit'.

216 2615 247 2668 ¹⁸)
260 2615 308 2658 cie.
323 2613 388 2684 ᾱεΙΝ.
399 2615 458 2662 M
474 2621 508 2662 14.
522 2617 543 2672 d.
553 2620 587 2664 81.
602 2619 734 2678 dubitetque
749 2621 850 2672 omniuo,
863 2617 925 2666 neu·
938 2616 987 2660 wi·

171 2691 174 2696 ·
188 2681 250 2714 meus
259 2685 329 2716 necue
338 2679 374 2716 nt.

1000 2725 1004 2729 ¹
1049 2695 1069 2722 ··t
