2150 3012
72 277 77 284 “
163 291 243 336 suos,
266 273 315 340 qui

167 101 222 165 ns·
267 120 276 131 ‘
391 169 395 176 β
453 91 607 154 ortnrro
625 101 689 156 xv.

163 205 349 266 eontulerunt.
376 201 473 270 Neque
484 181 539 254 non
549 208 640 254 tamen
650 202 679 253 hi
689 217 798 284 quoque
807 200 966 261 habuerunt

351 271 443 322 lanum
463 268 601 331 iacerent,
625 267 782 322 homnibus
804 275 964 326 nostrised

163 341 310 392 Graeciam
332 286 388 389 hae
409 351 519 404 quoque
538 337 566 386 in
583 343 662 402 parte
681 328 891 403 adaequandanr
909 356 965 392 non

119 493 121 498 Ι
162 415 219 486 tam
237 406 379 474 ingenium
399 419 481 520 puam
499 402 669 454 veluntatem
689 403 821 456 defuisse.
857 406 894 456 Et
911 405 966 460 hac

158 473 287 592 pardem,
307 487 390 551 quam

183 546 221 592 ud
233 551 382 608 praecipue
396 537 623 588 conamendantur
636 551 652 585 a
669 536 823 598 ueteribus,
845 537 875 589 Ρ.
887 539 965 608 Nigi.

163 607 226 660 dius
241 605 275 658 Fi
297 605 358 656 ulus
374 610 403 656 et
416 603 455 656 Μ.
470 603 618 654 Terentius
631 601 762 668 Varro*).
796 603 839 656 De
855 606 964 673 quibus,

164 675 260 744 quanti
274 621 391 734 fuerint,
412 683 446 721 eo
462 671 552 720 minus
567 669 692 719 iudicare
709 685 869 737 possumus,
889 671 965 739 quod

164 740 279 791 alterius
293 753 342 804 pro
364 751 379 787 e
396 733 502 796 omnnia,
522 736 637 806 alterius
649 736 732 816 plane
753 737 846 788 omnia
860 740 966 808 scripta

162 807 314 872 perierunt.
345 753 438 854 h'anta
447 801 501 853 fuit
511 802 539 852 in
550 801 709 854 hominibus
720 803 892 884 insequentis
901 807 966 858 aevi

162 871 306 933 socordia,
324 875 403 932 tanta
417 869 537 932 caecitas
551 871 775 936 perversitasque
793 871 903 936 iudicii,
923 881 965 938 ut,

162 954 225 989 cunr
243 937 330 990 multa
348 937 474 988 studiose
494 949 527 984 ae
546 935 696 1002 diligenter
716 945 881 989 conservata
898 940 965 1002 sint,

162 1018 233 1084 puae
244 1005 335 1070 perire
345 1003 532 1069 praestiterat,
546 1015 580 1052 ea
589 1003 735 1068 perierint,
750 1005 893 1071 exquibus
906 1006 964 1072 plu·
994 1039 998 1050 t
1037 1012 1039 1020 ’

161 1085 260 1122 rrmum
270 1070 400 1122 utilitatis
410 1069 516 1136 percipi
526 1073 644 1134 poterat.
682 1065 738 1120 Sed
748 1085 783 1122 ex
795 1073 844 1134 iis,
858 1073 903 1138 qui
920 1089 964 1124 su-

182 1138 360 1200 ersuntduos
369 1137 517 1203 praecipue
526 1134 656 1185 admirari
667 1135 757 1197 soleo,
767 1136 964 1206 philosophum

161 1153 299 1256 heneeam
311 1210 340 1254 et
353 1204 488 1254 naturalis
503 1200 638 1252 historiae
653 1203 818 1269 scriptorem
834 1203 965 1257 Plinium.
1004 1251 1018 1268 ,

145 1325 147 1328 ,
163 1271 288 1332 Quorum
307 1270 370 1333 ille,
391 1285 454 1328 cum
467 1284 497 1320 se
512 1267 671 1320 Stoicorum
691 1276 786 1320 sectae
801 1271 966 1336 addixisset,

422 471 482 533 ico,
502 470 666 520 eruditionis
686 471 767 536 eopia
787 477 815 521 et
828 473 965 526 varietate
1029 499 1037 508 ν

166 1345 323 1390 nontamen
333 1344 441 1390 eeteros
451 1334 680 1403 philosophorum
696 1336 857 1404 disciplinas
871 1340 965 1404 negle·
996 1393 998 1398 ,
1065 1349 1067 1358 ‘

53 1430 72 1438 ν·
163 1407 213 1468 xit,
230 1420 319 1474 neque
330 1405 454 1464 Zenone,
471 1400 641 1468 Chrysippo,
656 1401 804 1467 Cleanthe,
820 1401 964 1466 Panaetio,

164 1475 323 1539 ceterisque
335 1471 392 1522 suis
404 1476 550 1520 contentus
561 1466 626 1519 fuit:
645 1483 697 1519 nee
706 1471 771 1520 illos
783 1469 865 1522 niodo
878 1473 966 1528 maio·

164 1554 227 1590 rum
233 1539 369 1606 gentium,
383 1533 761 1600 Democritumffllatonem,
775 1538 965 1606 Aristotelem,

163 1605 402 1672 Theophrastum,
418 1602 468 1654 sed
482 1601 534 1653 hos
550 1617 660 1718 quospue
670 1603 791 1655 minutos
803 1611 831 1656 et
843 1605 979 1656 eteavllv·

163 1673 236 1723 lator
249 1673 350 1738 aliquis
364 1670 518 1730 vocaverit,
541 1668 615 1734 patei
628 1672 751 1734 arios**)
771 1669 969 1740 philosophos,-

162 1739 320 1806 Epicurum,
329 1734 530 1794 Metrodorum,
544 1733 712 1803 aliosqueex
721 1739 817 1788 eadem
828 1741 966 1806 popinaet

161 1805 261 1860 iisdem
268 1803 366 1865 hortis,
376 1802 555 1862 itaversarit,
566 1808 596 1852 ut
606 1803 739 1870 quidquid
749 1805 815 1855 honi
824 1821 858 1858 ex
869 1821 964 1856 eorum

159 1884 328 1937 unoquoque
339 1873 386 1918 aut
396 1866 430 1916 ad
442 1867 576 1917 orationis
589 1876 714 1920 ornatum
724 1880 771 1921 aut
782 1872 817 1921 ad
835 1873 964 1924 obseura-
993 1932 995 1936 Ι

161 1951 221 1988 rum
233 1943 262 1988 et
271 1935 456 1987 involutorum
467 1946 558 1982 rerum
568 1933 781 2002 intelligentiam
788 1939 875 1988 autad
881 1940 965 1990 vitam

162 2015 309 2069 moresque
319 1998 480 2050 formandos
494 1999 608 2065 exprimi
620 2009 745 2066 poterat,
761 2003 789 2051 id
801 2018 881 2054 enine
892 2021 965 2056 sum.

12 2087 18 2094 ·
95 2073 96 2076 ’
162 2084 207 2120 rna
217 2065 364 2132 diligentia
374 2071 543 2130 excerptum,
556 2064 635 2116 libris
646 2070 704 2117 suis
715 2069 858 2133 aptissime
869 2076 897 2120 et
905 2071 965 2122 ele.

123 2143 126 2150 “
162 2133 325 2202 gantissime
335 2131 508 2196 insperserit
529 2131 651 2196 Cumque
661 2133 827 2192 Stoicorum,
841 2137 887 2198 qui
899 2141 963 2188 ante

164 2197 963 2265 enmlnerent,aridastrigosaetimpolita,etquasidumis

164 2279 197 2316 ae
202 2263 332 2331 vepribus
340 2263 434 2316 obsita
444 2261 593 2315 haberetur
604 2267 705 2329 oratio,
715 2268 775 2336 ipse
783 2271 881 2320 contra
890 2269 919 2322 in
929 2284 965 2324 ee

211 2383 231 2438 ¹)
247 2380 580 2430 cr.esrr.n.n.x1x.n.
604 2386 645 2432 Ν.
660 2391 681 2434 t.
696 2401 731 2448 pr.
761 2388 908 2440 Quinctilium
928 2388 962 2437 X.

165 2443 183 2481 l.
191 2441 226 2482 ts.
253 2440 358 2484 Leuant.
367 2439 480 2486 Instituit.
490 2442 542 2486 nrv.
554 2447 573 2487 l.
584 2448 596 2488 t
613 2444 634 2498 ξ.
645 2449 666 2488 l.

198 2495 229 2548 '')
242 2493 317 2540 l'laut.
329 2497 386 2542 cist.
396 2497 427 2541 11.
441 2504 459 2542 l.
470 2502 505 2542 46.

288 2551 319 2594 nr
329 2567 364 2597 me
374 2567 451 2597 omnes
460 2555 535 2607 magni
545 2557 671 2616 minutique
681 2563 705 2603 et
712 2555 837 2618 patellarii

288 2607 376 2656 ruint
384 2622 413 2655 us
423 2621 465 2665 ego
476 2611 526 2656 dem
536 2614 581 2657 eto.
