2140 3010
196 167 246 220 244
346 169 361 208 ι·
453 151 686 210 PRAEFATIO
705 151 756 208 Vl.

194 266 353 327 vertissem,
363 257 467 316 multos
479 270 651 325 magnosque
664 255 754 318 uiros,
764 267 819 307 non
833 267 849 306 e
862 248 1016 310 recentia..

193 335 271 388 ribus
281 328 432 394 modo,sed
443 327 527 378 etiam
537 339 572 376 ex
582 324 712 388 antiquis,
720 322 877 399 quod,qpid
889 337 1000 390 quoque

193 410 320 467 tempore
331 405 422 450 aetum
432 393 544 454 luisset,
561 390 697 442 nonsatis
708 395 813 442 attente
824 391 1000 442 eonsideras·

195 476 273 530 sent,
289 468 318 519 in
335 478 446 518 errores
457 460 592 530 quosdam
609 457 736 518 minime,
755 463 787 508 at
801 457 936 519 arbitror,
955 471 1001 508 ne·
1032 519 1036 524 ,

195 537 234 604 gli
258 533 359 594 endas,
378 533 407 581 in
426 528 523 583 horum
541 539 634 576 rerunt
654 523 842 591 explicatione
856 525 999 579 incidisse.
1025 525 1029 534 ‘

194 551 266 654 miii
283 600 394 668 quidem
409 598 450 648 ita
461 595 584 646 videtur:
604 591 871 656 Ciceroniiuprimis
881 591 937 658 ipsi
946 606 1000 642 ma-
1030 629 1031 632 η

196 671 299 722 xlmam
309 681 372 720 esse
382 664 460 716 hisce
473 663 502 712 in
511 659 594 713 rebus
605 657 759 710 habendam
770 657 866 721 fidem,
882 664 928 720 ut,
947 659 1000 709 sic·

196 737 245 788 ubi
263 737 298 786 ab
319 747 353 785 eo
373 730 461 782 ceteri
479 725 674 787 dissenserint,
694 723 820 776 homines
835 739 885 778 eos
902 724 1000 785 fuisse,

196 806 357 870 iccircoque
367 797 422 865 labi
433 795 570 861 potuisse,
576 793 753 855 arbitremur3
765 791 915 842 seeundum
921 791 1002 842 Cice·

196 883 295 921 runem
309 872 401 916 autem
413 860 562 922 Sossuetio,
582 860 629 927 qui
642 859 743 912 iisdem
752 859 924 926 temporibus
934 858 1002 918 fuit,

197 944 257 987 tom
266 929 444 996 Asconio,qui
456 927 490 977 ab
501 940 597 976 eorum
609 933 700 976 aetate
711 941 766 976 non
777 925 817 976 ita
825 925 942 976 nucitum
956 925 1006 976 ab·

199 1002 266 1063 iuit3
286 999 411 1050 Graecos
426 1000 532 1054 autem,
548 991 740 1054 Plutarchum,
756 993 921 1060 Appianum,
934 991 1006 1044 Dio·

185 1081 263 1120 ‘nem
281 1076 382 1132 magno
402 1075 467 1115 esse
481 1057 607 1111 adhibito
621 1059 726 1111 iudicio
740 1059 886 1126 legendos.
921 1058 1005 1124 Nom,

199 1133 306 1186 utbine
318 1129 474 1191 ordiamur,
496 1141 558 1178 cum
575 1127 728 1189 coniurati,
747 1127 885 1182 Catilinae
899 1125 1006 1180 denun-

199 1201 332 1262 tiatione,
344 1199 373 1248 in
383 1197 421 1249 M.
439 1195 535 1248 Porcii
548 1193 657 1244 Lectae
672 1195 782 1245 domum
797 1196 1007 1259 convenissent,

199 1268 360 1336 repertique
374 1269 469 1324 essent
483 1262 551 1322 duo,
572 1261 619 1328 qui
632 1273 663 1311 se
675 1261 837 1314 Ciceronem
852 1261 881 1312 in
896 1261 1006 1314 lectolo

200 1351 252 1388 suo
275 1331 475 1386 interfecturos
497 1327 711 1396 pollicerentur,
740 1333 799 1379 tum
818 1328 939 1392 demum,
964 1330 1007 1380 uit
1055 1391 1056 1398 ἵ

201 1402 365 1463 Sallustius,
385 1412 445 1449 rem
456 1395 492 1448 ad
501 1400 630 1460 senatum
637 1395 799 1446 aCieerone
809 1395 940 1457 relatum,
962 1411 1006 1448 se-

142 1528 146 1535 ,
200 1477 350 1537 natumque
362 1463 572 1523 decrevissem
585 1460 683 1512 timent
692 1475 805 1528 operam
816 1463 955 1524 consules,
971 1477 1008 1516 ne

221 1537 269 1590 uid
279 1532 439 1601 respublica
449 1527 609 1580 detrimenti
620 1535 740 1594 caperet
770 1530 805 1580 nt
815 1528 845 1586 id
854 1528 1008 1584 manifesto

143 1597 149 1608 '
201 1553 304 1656 ialsum
316 1607 373 1666 est,
383 1593 614 1712 'siquidemlquae
626 1609 684 1650 nox
694 1603 845 1650 consecuta
855 1603 899 1648 est
911 1603 1010 1714 poste·

201 1685 264 1722 runi
284 1669 357 1720 diem
380 1677 517 1718 nonarum
561 1661 669 1713 orenrb.
693 1675 728 1714 ea
744 1669 832 1715 nocte
853 1664 912 1716 coit
925 1675 1011 1716 onem

200 1737 279 1790 iliam
292 1737 321 1789 ia
333 1733 371 1786 Μ.
387 1731 482 1785 Porcii
503 1727 615 1782 domum
629 1727 734 1782 iactam
748 1743 825 1794 esse,
845 1737 959 1782 constat
973 1745 1010 1782 ex

202 1804 330 1855 oratione
340 1815 391 1870 pro
402 1799 491 1866 Syllo.
526 1795 584 1848 lam
597 1802 690 1848 autem
701 1795 839 1859 sedecim,
854 1797 1011 1860 minimum,

201 1870 262 1921 dies
274 1875 362 1929 erant,
377 1882 439 1918 cunr
449 1865 499 1920 illa
509 1868 622 1914 senatus
632 1865 786 1914 auctoritas
797 1864 1011 1928 intercesserat,

200 1942 232 1988 ut
243 1949 278 1986 ex
288 1933 340 1986 hac
350 1935 412 2001 ipsa
422 1931 549 1983 oratione
559 1928 667 1994 liquido
674 1930 807 1998 cognosci
814 1937 917 1994 potest.
933 1929 1009 1984 iilud

200 2015 311 2118 quopoe
321 2013 377 2052 non
387 1997 478 2050 minus
487 1995 589 2047 falsum
602 2003 657 2056 est,
678 1994 758 2071 quod,
768 1993 841 2044 idern
853 1993 1008 2050 Sallustius

199 2083 250 2134 pro
272 2067 337 2127 idit,
350 2079 411 2116 cum
422 2068 470 2116 aut
479 2059 550 2112 hauc
561 2063 715 2112 orationem
727 2058 842 2122 Cicero,
862 2066 911 2112 aut
920 2061 1014 2118 aliam

185 2131 357 2200 ‘quampiam
375 2127 531 2186 habuisset,
550 2131 625 2176 certe
644 2125 756 2192 quidem
775 2123 883 2193 aliquot
902 2128 1005 2184 diebus

220 2204 264 2249 ost
279 2195 455 2248 conlusissom
466 2190 628 2242 consulibus
642 2191 841 2259 rempublicam
852 2193 1005 2250 Catilinam

199 2279 228 2316 m
239 2277 299 2314 eom
310 2275 407 2313 uocem
417 2258 536 2324 denique
547 2259 713 2326 erupisset),
724 2266 755 2312 ut
765 2261 881 2325 diecret,
893 2263 1004 2332 siquod

198 2329 358 2384 incendium
375 2329 405 2380 in
425 2325 553 2378 fortunas
573 2341 637 2380 suas
652 2329 803 2384 excitatum
818 2336 904 2382 esset:
923 2329 1005 2383 id‘se

198 2413 254 2451 non
265 2411 349 2466 aqua,
363 2395 414 2449 sed
424 2393 504 2450 ruina
513 2394 719 2452 restincturum.
755 2397 786 2449 ld
797 2399 868 2454 enim
879 2399 934 2449 iam
948 2402 1005 2464 pri-

109 2519 112 2526 ,
199 2465 261 2520 dem
269 2503 278 2529 ,
293 2466 323 2518 id
332 2471 389 2528 est,
404 2463 512 2531 aliquot
523 2459 621 2518 diebus
631 2473 694 2518 aute
706 2467 820 2519 comitia
834 2465 1004 2518 consularia.

199 2533 298 2586 Cotooi
322 2533 456 2588 iudicium
478 2529 618 2585 mutuitanti
635 2548 669 2586 ac
688 2533 863 2588 denuntiasti
881 2529 1006 2582 Catilina

244 2625 264 2680 ¹)
276 2625 399 2684 erumpere
409 2627 432 2672 in
442 2639 529 2682 uocem,
541 2639 637 2686 prorem
657 2643 692 2674 ere
702 2630 725 2674 t'n
735 2629 803 2674 uerbo
813 2624 1004 2670 niesteintini·

200 2683 245 2723 tete
258 2681 303 2726 disi
314 2685 397 2739 eoepit.
425 2685 479 2729 Vid.
493 2683 617 2736 Collatiam
649 2701 682 2732 or.
694 2687 816 2732 Posterior.
826 2677 934 2742 perfidi·
