2150 3012
174 143 221 197 na
247 104 250 110 ’
446 140 603 200 oenuro
620 140 686 196 xv.

170 243 242 298 nihil
251 243 585 312 glorlosumcogitamus3
603 243 678 312 quod
691 242 897 308 disceremus,
910 245 970 298 lun-

170 327 299 381 geremua
308 313 520 374 noctesdiebus,
531 313 661 363 noctibus
670 311 739 374 dies,
750 317 779 360 et
789 309 914 362 discendi
925 327 970 364 cu·

169 379 286 447 plditate
296 379 412 440 incensi,
423 393 518 430 omnes
527 377 901 444 corporearumuoluptatum
909 379 970 430 ille·
1064 377 1065 380 ’

171 442 991 512 oebras,omnemlaborisasperitatempraedootrinacom'
1064 493 1065 512 ,

170 520 366 568 temneremus.
393 513 435 562 An
444 518 614 564 mercatores
624 525 705 576 opum
715 510 898 577 parandarum
907 527 968 578 gra·

171 580 212 630 tia
220 586 277 642 tarn
288 579 398 641 multas,
412 585 469 629 tam
479 579 654 645 longinquas,
669 583 727 628 tam
740 577 913 643 periculosas
925 593 970 645 pe-

170 645 377 714 regrinationes
387 646 552 713 suscipiunt3
567 644 686 701 domum,
694 658 819 706 uxorem,
830 651 971 710 parentes,

171 712 276 765 liberos
287 711 457 778 relinquunt3
476 714 577 772 ventis,
589 707 731 772 fluctibus,
741 711 839 775 piratis
850 725 882 763 ac
891 725 971 777 prae·
1043 723 1046 728 ·

172 778 291 833 donibus
305 778 389 828 vitam
404 793 482 828 suam
492 778 680 840 committunt3
701 783 864 844 perpetuum
882 792 971 844 prope

155 869 159 873 ·
172 845 228 898 eibi
238 845 366 896 exsilium
376 844 512 896 indicunt:
531 858 595 906 nos,
609 845 632 893 si
643 846 683 894 ita
692 845 855 910 sapientiam
866 858 971 896 ennare-

172 911 325 972 mus,utilli
333 925 401 977 opes
410 911 601 973 amantullum
610 912 670 972 eius
682 909 882 977 comparandae
890 925 971 962 caus-

171 993 206 1030 aa
214 977 340 1028 laborem
356 977 563 1044 refugeremusl
582 975 738 1028 venatores
751 980 781 1028 in
795 977 859 1028 nive
871 991 971 1043 perno-

172 1050 260 1105 ctant,
282 1039 396 1107 famem,
417 1045 505 1105 sitim,
524 1042 627 1110 frigus,
645 1044 768 1111 vigiliam
784 1043 887 1105 ierunt,
908 1059 972 1096 cum

173 1110 256 1178 apris,
267 1126 328 1162 oum
337 1113 410 1164 ursis
420 1111 538 1178 aliisque
548 1110 699 1162 indomitae
712 1110 832 1161 feritatis
847 1111 971 1162 animali·

171 1178 223 1230 bus
245 1177 280 1230 de
304 1179 360 1228 uita
368 1191 582 1244 saepenumero
603 1178 755 1229 decernunt
773 1192 806 1228 ac
824 1177 970 1229 dimicante

173 1259 237 1307 nos,
252 1245 277 1296 si
305 1251 389 1296 uanto
399 1245 442 1300 illi
452 1247 486 1297 ad
497 1244 639 1312 praedam,
652 1250 729 1296 tanto
740 1244 774 1295 ad
786 1245 971 1296 eruditionem

171 1311 272 1366 ardore
283 1261 431 1375 flectemur,
445 1313 528 1364 ullam
539 1312 632 1374 nohis,
652 1326 686 1362 ne
697 1312 732 1363 ad
742 1327 803 1367 eam
812 1312 969 1378 pervenire·

171 1393 245 1441 mus,
259 1378 448 1430 difficultatem
465 1379 577 1430 obstare
590 1379 762 1446 pateremur?
789 1378 917 1430 Insanum
935 1391 970 1430 oo
1064 1399 1065 1412 ¹

170 1445 350 1500 libidinosum
368 1445 588 1507 adolescentem,
607 1461 669 1496 cum
687 1446 723 1498 ad
735 1446 867 1514 puellam,
887 1459 969 1511 quam

171 1513 293 1574 amabat,
310 1511 391 1564 aliter
400 1512 546 1579 pervenire
558 1527 614 1563 non
628 1520 737 1578 posset,
750 1512 866 1630 sinffulis
881 1513 970 1562 nocti·

170 1579 222 1630 bus
236 1593 312 1630 mare
325 1578 409 1642 illud,
429 1578 504 1646 quod
512 1578 650 1644 Europam
664 1582 698 1632 ab
713 1582 779 1634 lisia
810 1579 901 1640 ividit,
922 1593 970 1629 na·

171 1646 255 1697 larido
274 1649 394 1697 transire
414 1646 527 1698 solitum
546 1646 743 1714 accepimus*).
785 1646 868 1708 Quod
885 1646 915 1695 in
933 1659 988 1700 eo·

170 1712 257 1764 stulta
268 1719 296 1763 et
305 1713 463 1764 inconsulta
473 1712 608 1777 cupiditas
620 1715 718 1781 potuit,
736 1711 970 1778 ut,‹dumpotire'·
998 1751 1000 1755 ⁷
1051 1709 1054 1716 '

170 1785 216 1830 tur
229 1778 369 1830 amoribus
383 1778 453 1838 suis,
473 1776 543 1829 nihil
555 1781 626 1830 tanti
639 1787 762 1846 putaret:
786 1795 835 1832 cur
852 1780 925 1842 idem
940 1781 971 1831 iu

169 1845 251 1897 nobis
266 1859 344 1906 amor
355 1844 466 1895 virtutis
485 1859 517 1894 ec
531 1846 677 1910 scientiae,
697 1849 722 1899 si
737 1863 797 1898 eam
811 1861 877 1898 vere
891 1852 921 1897 et
935 1859 972 1898 ex

171 1914 262 1966 urimo
274 1924 437 1972 amaremus,
447 1923 503 1960 non
514 1913 651 1964 efficeret!
668 1915 710 1964 lta
725 1921 769 1965 est
781 1912 924 1979 proiecto,
938 1918 973 1962 ut

170 1978 274 2040 dicam,
294 1974 445 2027 auditores.
484 1975 562 2028 Nihil
580 1981 669 2030 amori
688 1980 813 2039 difficile,
838 1977 909 2029 nihil
927 1991 972 2028 ar·

169 2045 263 2105 duum,
274 2039 346 2092 nihil
354 2042 515 2106 impervium
526 2050 578 2094 est.
595 2043 692 2110 Neque
702 2046 746 2095 illi
756 2047 856 2110 poetae
864 2044 973 2097 frustra

169 2111 228 2163 alas
242 2106 416 2159 addiderunt.
451 2107 548 2170 Volat,
564 2111 656 2175 siquo
671 2110 754 2164 aliter
763 2110 903 2176 perveniri
913 2125 972 2162 nou

168 2181 270 2244 potest.
293 2172 349 2224 Sed
360 2177 438 2224 amor
448 2177 601 2240 sapientiae
611 2175 715 2244 pullum
727 2182 847 2226 vestrum
858 2174 893 2225 ad
903 2187 973 2226 ossa

168 2241 275 2304 tow,
295 2238 366 2290 nulli
374 2245 497 2292 restrum
506 2242 655 2294 medullam
665 2242 772 2294 animae
781 2239 890 2293 lacibus
906 2241 970 2295 suis

167 2311 424 2440 pellufflt'quaeso,
437 2376 497 2428 estl
514 2377 579 2444 quid
592 2375 645 2428 iste
659 2373 714 2436 sibi
727 2373 899 2444 quorundam
912 2373 968 2428 fre·
1064 2413 1065 2416 ,

166 2437 250 2490 mitus
264 2440 338 2492 vulti
354 2442 449 2510 Aequo
464 2444 556 2496 animo
570 2444 713 2511 accipietis
728 2447 810 2496 istam
826 2449 966 2495 contume-

165 2503 244 2570 llam,
258 2507 385 2573 iuvenes,
400 2526 435 2562 an
446 2512 584 2564 mendacii
594 2527 747 2580 coarguere
758 2527 791 2564 ac
801 2511 965 2565 convincere

208 2598 230 2654 ¹)
240 2597 326 2645 Narrat
336 2601 364 2645 de
373 2603 529 2650 andralistus
539 2609 563 2648 st
569 2605 676 2657 Leandri,
686 2619 751 2663 quen
759 2601 832 2650 nobili
841 2600 966 2648 celebrum
1064 2617 1065 2626 1

127 2679 131 2694 1
165 2656 265 2700 mnan·
276 2659 388 2704 Musaeus·
