2150 3012
218 151 221 174 ,
364 107 517 162 ORATIO
544 108 641 164 XVll.
848 115 896 188 lii

74 233 76 236 ·
98 214 164 268 loeo
178 210 360 279 interpretari
373 212 468 278 coepi,
481 226 554 263 nuno
568 211 658 266 denuo
674 213 760 282 (quod
773 213 835 268 Deo
850 233 895 268 vo-

98 280 174 332 lente
192 292 226 330 ae
249 271 373 345 propitio
396 277 474 340 liatl)
495 278 672 344 interpretari
696 283 896 348 constituerim,

80 393 82 396 .
99 355 161 400 oum
171 346 267 407 sciam,
278 342 332 394 hoe
342 343 489 396 consilium
498 359 589 397 meum
598 361 653 398 non
663 349 748 413 prius,
760 344 897 416 quam'he-

99 420 195 465 sterno
209 411 255 464 die
269 409 407 477 plerisque
423 416 544 462 vestrum
564 418 740 484 notumvesse
757 417 896 496 potuisse,

97 479 220 546 ideoque
231 477 332 529 multos
342 491 414 541 esse,
423 479 471 558 qui
481 493 536 532 non
545 480 627 531 modo
638 479 766 532 meditati
776 496 808 532 us
817 497 896 550 para-

97 547 301 609 mutuasset,
315 541 369 595 hue
379 557 487 608 venue,
504 545 555 596 sed
567 547 614 597 rix
627 545 714 600 libros
725 547 777 598 sibi
790 551 897 618 prospi-

99 611 195 674 new)
206 609 358 677 potuerint,
375 609 486 662 decrevi
501 609 597 674 hodie,
611 628 681 681 quae
690 614 802 666 illorum
811 615 896 668 libro·

96 691 161 732 rum
179 676 292 756 propria
308 683 385 737 sunt,
405 691 460 728 non
478 678 628 746 attingere,
648 680 698 732 sed
715 681 844 734 universe
864 697 896 735 ao

101 750 285 796 communiter
302 741 337 794 de
355 749 417 796 tots
438 744 592 796 studiorum
610 752 769 799 nostrorum
786 750 896 801 ratione

23 865 26 869 ,
101 811 250 870 disserere,
263 814 292 860 et
302 823 444 874 quaerere,
457 825 558 862 verane
569 828 604 863 an
613 806 686 864 falsa
697 816 753 866 sint
764 829 811 879 ea,
844 830 896 868 uae

103 877 226 945 plerique
237 875 376 941 putantde
387 876 503 939 caussis,
513 892 561 929 cnr
570 876 751 948 hodieneque
760 888 815 934 tam
822 831 899 934 docti

102 957 190 1009 neque
200 951 257 994 tam
268 941 365 992 diserti
375 939 510 1004 homines,
521 961 600 1010 quam
612 945 677 997 olim
688 947 807 1010 luerunt,
818 963 898 1017 repe·

101 1010 216 1062 riantur.
252 1007 341 1074 Saepe
352 1010 423 1059 enim
433 1009 547 1061 interfui
557 1014 678 1078 querelis
688 1014 858 1066 eruditorum
870 1023 899 1068 et

101 1075 310 1143 ingeniosorum
323 1072 477 1140 hominum,
500 1078 547 1144 qui
564 1079 598 1128 de
617 1085 771 1147 temporum
788 1089 898 1134 nostro·

99 1158 160 1196 runt
174 1140 339 1193 infelicitate
353 1150 546 1208 quererentur,
568 1147 641 1212 quod
660 1161 721 1198 cunr
739 1154 768 1199 et
786 1150 899 1215 ingenia

101 1208 190 1262 nihilo
199 1223 278 1276 qusm
290 1209 441 1275 sntiquitus
450 1209 592 1260 deteriora
601 1213 664 1272 sint,
676 1219 706 1263 et
715 1212 777 1264 aliis
787 1215 912 1266 maiori-t

101 1276 153 1328 bur
166 1281 195 1328 et
204 1274 293 1342 magis
303 1275 390 1329 arduo
405 1289 437 1325 ac
448 1275 605 1327 difficiliore
618 1277 647 1327 in
660 1279 723 1330 loeo
734 1281 833 1344 positis
845 1283 898 1332 sir-

101 1342 208 1395 tutibus
218 1347 296 1394 aetas
307 1349 403 1394 nostra
413 1341 496 1393 facile
506 1343 652 1396 vetustatis
664 1345 785 1462 gloriam
799 1361 897 1414 aequu-

102 1407 661 1475 verit3siquidemetreimilitarisduetan
683 1425 898 1480 orumqueexerj·

101 1476 205 1529 situum
218 1481 246 1526 et
257 1473 427 1540 reipublicae
438 1477 466 1528 in
480 1491 548 1542 paee
563 1484 646 1546 atque
659 1479 717 1530 otio
736 1480 899 1530 tractandae

10 1591 11 1594 ,
47 1557 49 1562 ·
102 1540 222 1594 seientia
232 1542 302 1596 satis
314 1541 394 1592 multi
406 1543 541 1596 memoria
553 1552 663 1605 nostra,
684 1546 731 1612 qui
742 1543 810 1594 nulli
824 1551 898 1596 vete-

99 1621 161 1662 rum
172 1605 314 1670 oederent,
328 1607 504 1661 exstiterunt:
522 1608 574 1662 han
585 1610 729 1674 molliora,
739 1617 771 1660 ut
779 1611 897 1671 videtur,

52 1715 54 1720 ¹
101 1679 132 1728 et
142 1673 311 1741 parabiliore
325 1674 500 1740 eloquentiae
518 1683 546 1728 et
560 1676 724 1730 eruditionis
738 1675 832 1740 laude,
852 1692 898 1729 ne·

93 1755 147 1794 ¹nro
156 1753 270 1808 prorsus
280 1742 433 1806 exoriatur,
451 1743 497 1808 qui
510 1745 670 1812 antiquitati
680 1745 899 1795 sonnoversiam

97 1807 195 1860 facere
210 1807 323 1870 audeat3
343 1808 393 1859 sed
405 1809 548 1874 praeclare
562 1825 656 1865 seeum
670 1820 760 1862 actum
777 1825 839 1861 esse
850 1810 898 1861 du·

82 1923 85 1929 .
100 1881 176 1936 eant,
191 1874 216 1925 si
229 1873 276 1940 qui
285 1872 339 1924 hoc
348 1880 473 1942 tempore
483 1877 571 1928 multo
582 1878 684 1930 sudore
697 1877 847 1944 multisque
858 1878 898 1927 vi·

75 1997 78 2005 ,
99 1940 177 2007 giliis
193 1938 245 1992 hoo
257 1943 399 1993 consecuti
417 1951 493 2004 sunt,
513 1951 545 1996 ut
557 1959 575 1994 a
589 1950 714 1996 veterum
727 1944 900 2009 praestantis

91 2013 156 2060 non
170 2005 198 2060 lo
240 2007 332 2058 'sumre
345 2008 445 2060 abesse
460 2010 614 2066 rideantur.
648 2011 738 2078 Atque
751 2011 821 2062 illud
838 2011 898 2078 qui-

9 2087 11 2146 ζ
99 2071 162 2126 den
171 2072 225 2130 luci
238 2088 253 2124 e
264 2075 447 2126 conveniebat
455 2077 529 2128 inter
542 2091 650 2140 omnes,
662 2093 718 2129 non
730 2076 844 2128 eandem
856 2092 898 2130 es·

99 2153 131 2190 se
143 2139 315 2206 diligentiam
325 2143 353 2191 in
364 2137 521 2194 huminibus
536 2145 651 2207 nostris,
671 2159 742 2212 quae
756 2145 783 2194 in
797 2145 897 2194 veteri·

63 2245 67 2257 .
98 2203 227 2268 berillis,
242 2221 311 2273 quos
321 2207 532 2272 admiraremur,
548 2209 662 2274 inissem
681 2212 782 2262 merito
797 2210 897 2260 abesse

9 2305 10 2314 ,
99 2287 151 2324 nos
161 2272 195 2324 ab
206 2261 319 2326 illorum
327 2273 433 2341 glorie,
447 2291 562 2344 quorum
572 2293 627 2328 non
637 2278 810 2329 imitaremur
818 2273 897 2327 indn-

99 2339 209 2403 striam3
227 2339 324 2392 labore
336 2342 518 2396 venallaesse
528 2344 786 2410 praeolaruomnia3
801 2345 897 2410 inique

98 2403 193 2458 facere
205 2409 252 2474 qui
261 2405 459 2459 industriorum
470 2407 594 2476 praemia
603 2417 730 2476 peterent
741 2411 838 2474 otiosi3
850 2426 896 2462 ne-

97 2485 151 2540 que
162 2487 225 2524 esse
241 2473 316 2540 quod
335 2475 479 2542 quisquam
494 2482 622 2528 nostrum
639 2477 693 2528 sibi
713 2477 895 2539 blandiretur,

155 2573 175 2627 ⁸)
189 2571 252 2618 Pllss·
263 2573 282 2614 ¹·
295 2581 333 2624 ε1)·
349 2574 383 2614 ll.
407 2570 484 2621 Petis.
500 2571 614 2628 utimtris
626 2575 664 2630 tsi,
674 2573 739 2622 filine
750 2573 894 2636 prospiciam

97 2631 209 2674 neritum.
234 2624 498 2676 ci.Liv.1v.tt.extr.
680 2652 683 2661 .
