2150 3012
255 195 256 200 ,
352 160 501 212 ossum
530 159 610 213 xiv,

102 295 107 312 .
259 279 260 284 ¹
424 275 556 328 asperam

189 329 284 392 Pater,
294 326 410 389 decern·
427 327 782 396 aetutemmmdeeetdm).

88 432 174 482 Ferat
183 427 237 480 huc
248 443 336 494 ocyus
346 427 447 494 aliquis
457 427 572 479 calicem
579 429 670 490 mulsi,
679 435 711 480 ut
719 428 786 480 flere
794 441 884 496 pupas
974 483 975 486 ,

60 513 71 522 ·
89 497 137 549 hic
150 497 269 556 desinat,
286 501 315 545 et
325 501 496 546 contractam
510 509 545 546 ex
555 497 648 546 Taciti
661 497 811 560 asperitate
825 512 883 548 mo·

90 565 202 616 lestiam
213 561 303 638 ieret.
334 559 496 641 'Offeramus
517 562 544 611 ei
562 561 667 628 aliquid
685 562 834 680 Imm-3⁹1
852 579 883 614 se

92 630 224 681 oblectet.
260 627 286 678 is
298 641 370 678 emm
380 627 472 678 molbs
483 633 558 679 totus
569 635 625 690 est,
636 643 725 694 neque
737 644 783 694 qur
805 643 885 695 quam

4 719 7 734 ν
92 695 179 746 habet
193 694 350 760 asperitatis
363 694 452 755 illius,
470 709 539 759 quae
552 695 635 744 istum
648 695 675 746 in
687 695 787 745 Tacito
799 693 885 746 offen·

93 763 144 814 dit.
179 759 241 812 Non
251 759 312 810 fluit
321 760 414 819 modu,
424 761 473 811 sod
484 767 512 811 et
523 760 629 813 diffluit.
665 760 711 812 Sic
722 767 801 812 erant
809 761 884 824 olim,

77 829 142 896 ”qni
154 821 266 892 Virgilii
277 841 372 877 versus
385 833 416 875 ut
427 825 555 878 horridos
569 828 778 895 rusticanosque
794 829 885 894 culpe·

30 917 38 928 =
94 895 337 1012 {ffifflgagisque
358 893 577 958 probarent'illa
597 894 727 946 molliora
750 901 778 946 et
795 896 887 948 lenius

40 997 46 1002 “
226 995 235 1022 >

347 1056 633 1127 assereremus
726 1043 728 1048 '

195 1125 352 1192 Etraptum
360 1125 456 1178 vitulo:

95 1227 185 1281 nostis
202 1227 352 1290 cetera**):
369 1228 488 1278 recitare
504 1227 575 1278 enim
589 1229 678 1295 piget,
700 1235 729 1281 et
743 1237 774 1281 ut
788 1231 836 1280 isti
850 1229 885 1281 ad
936 1244 938 1250 ⁴
1036 1215 1040 1222 ¹

95 1295 273 1361 asperitatem
284 1299 396 1360 pavent,
407 1296 448 1344 sic
458 1308 511 1360 ego
523 1294 558 1344 ad
567 1295 685 1360 ineptias
695 1310 809 1347 nauseo.
844 1295 885 1348 in-

4 1359 15 1376 '
94 1361 165 1411 fanti
176 1361 326 1423 melimela3
341 1359 408 1412 mihi
418 1366 509 1411 autem
520 1360 669 1412 misceatur
680 1360 829 1430 craterille
839 1379 885 1414 rn-

95 1425 254 1498 κρίζων***).
289 1425 345 1478 Sed
358 1428 429 1478 istuc
444 1426 536 1480 fatuae
551 1429 585 1478 dc
595 1429 695 1479 Tacito
704 1428 885 1493 conquestio·

4 1507 5 1510 ’
94 1509 146 1546 nes
161 1500 317 1544 assecutum
334 1508 396 1543 csse
412 1508 486 1557 eum,
501 1495 575 1560 quod
586 1495 710 1558 volebat,
727 1493 885 1546 ostendunt.

4 1719 8 1728 ·
96 1691 261 1760 Thucydide
270 1698 364 1744 autem
378 1699 407 1743 et
417 1693 570 1745 obscuritas
583 1700 612 1745 et
625 1709 654 1744 as

94 1560 259 1612 imitandum
271 1561 343 1610 enim
351 1559 405 1611 sibi
412 1557 602 1626 Thucydidem
611 1565 803 1628 proposuerat,
814 1561 885 1612 eius·

95 1642 149 1694 que
168 1641 198 1678 se
214 1627 243 1676 in
256 1625 402 1678 scribendo
419 1627 586 1679 simillimum
603 1643 665 1680 esse
683 1627 820 1694 cupiebat.
855 1626 886 1679 in

675 1695 758 1746 eritas
771 1693 886 1745 ‘notatur

95 1777 114 1813 a
124 1761 294 1822 Graecisset
309 1766 424 1826 utpaque
435 1760 508 1811 inter
518 1761 633 1812 virtutes
643 1711 732 1824 ibim,
747 1775 803 1812 non
813 1761 886 1812 inter

94 1829 165 1880 vitia
180 1832 346 1878 numeratur.
382 1828 551 1893 Quamquam
567 1829 639 1882 enim
653 1828 726 1878 nuda
739 1835 769 1879 et
780 1829 885 1894 perspi·

95 1910 149 1946 cua
170 1895 260 1944 oratio
281 1893 413 1956 delectat,
432 1894 569 1944 interdurn
583 1900 675 1944 tamen
689 1895 718 1945 in
737 1894 885 1946 scribendo

95 1961 166 2014 certi
185 1960 328 2011 cuiusdam
345 1961 455 2026 generis
474 1961 602 2011 laudatur
621 1961 787 2023 obscuritas,
814 1976 885 2028 queo
958 1992 963 2003 ι

4 2063 12 2085 ,
96 2028 251 2078 orationem
270 2026 413 2092 evulgari
431 2026 563 2093 loquendi
583 2027 782 2080 consuetudine
801 2027 885 2080 ebdu-

94 2109 170 2156 cens,
178 2107 212 2143 ex
221 2093 487 2164 ipseperegrinitate
495 2093 657 2160 dignitatem
665 2097 690 2145 ei
700 2095 884 2146 maiestatem·
954 2107 955 2115 ¹

94 2174 148 2226 que
168 2160 311 2221 conciliat,
336 2167 365 2210 et
384 2163 563 2211 attentionem
582 2158 733 2227 legentium
752 2162 884 2212 continet.

6 2224 11 2233 '
93 2226 157 2277 Hoc
167 2229 247 2292 quasi
257 2226 346 2278 velum
356 2233 408 2288 est,
417 2227 490 2292 quod
497 2225 625 2291 profanis
636 2227 804 2279 obtenditur.
838 2227 885 2280 Sic

92 2293 197 2358 templa
206 2293 357 2344 sublustris
366 2293 553 2360 ingredientes
565 2307 644 2344 sacro
658 2293 776 2360 quodam
785 2291 884 2345 borro-
900 2316 905 2325 ·

91 2374 123 2412 re
133 2359 309 2426 perfundunt.
344 2361 486 2428 Asperitas
495 2365 587 2412 autem
597 2359 647 2410 iila
655 2361 730 2413 idem
738 2360 819 2427 plane
831 2366 883 2423 eet,

148 2450 170 2504 ⁸)
184 2448 267 2490 fleant.
277 2447 321 2491 Ill.
334 2455 352 2492 Ι.
360 2452 394 2490 su

138 2505 170 2557 ¹¹)
184 2503 249 2546 Pers.
260 2501 309 2546 stt.
318 2501 340 2546 Ι.
349 2507 384 2546 93.
394 2515 443 2558 sqq.

127 2556 285 2615 ''O-Martini.
294 2557 347 2602 vu.
357 2561 428 2613 epist·
440 2562 475 2604 π.

172 2653 174 2656 .
215 2611 311 2669 bassati
317 2615 429 2672 melinum
439 2616 491 2660 dcto
502 2613 621 2667 intumque
630 2613 749 2656 mertem:

246 2667 305 2714 Nem
315 2669 377 2719 nihi,
388 2682 445 2724 quse
454 2669 518 2714 norit
525 2679 634 2726 pungere,
645 2667 703 2712 ebio
712 2667 774 2722 sapit

334 2753 353 2781 f
400 2773 406 2778 .
