<?xml version="1.0" encoding="UTF-8"?>
<!DOCTYPE html PUBLIC "-//W3C//DTD XHTML 1.0 Transitional//EN"
    "http://www.w3.org/TR/xhtml1/DTD/xhtml1-transitional.dtd">
<html xmlns="http://www.w3.org/1999/xhtml" xml:lang="en" lang="en">
 <head>
  <title>
</title>
<meta http-equiv="Content-Type" content="text/html;charset=utf-8" />
  <meta name='ocr-system' content='tesseract 3.04.00' />
  <meta name='ocr-capabilities' content='ocr_page ocr_carea ocr_par ocr_line ocrx_word'/>
</head>
<body>
  <div class='ocr_page' id='page_1' title='image "./mantoniimuretie01muregoog_0183.png"; bbox 0 0 2150 3012; ppageno 0'>
   <div class='ocr_carea' id='block_1_1' title="bbox 188 193 752 261">
    <p class='ocr_par' dir='ltr' id='par_1_1' title="bbox 188 193 752 261">
     <span class='ocr_line' id='line_1_1' title="bbox 188 193 752 261; baseline -0.005 0"><span class='ocrx_word' id='word_1_1' title='bbox 188 193 279 261; x_wconf 77' lang='lat' dir='ltr'>rua</span> <span class='ocrx_word' id='word_1_2' title='bbox 457 201 613 261; x_wconf 76' lang='lat' dir='ltr'>orario</span> <span class='ocrx_word' id='word_1_3' title='bbox 640 204 752 259; x_wconf 85' lang='lat' dir='ltr'>xvrrs.</span> 
     </span>
    </p>
   </div>
   <div class='ocr_carea' id='block_1_2' title="bbox 153 291 1052 2375">
    <p class='ocr_par' dir='ltr' id='par_1_2' title="bbox 153 291 1052 2375">
     <span class='ocr_line' id='line_1_2' title="bbox 203 291 998 427; baseline 0.005 -67"><span class='ocrx_word' id='word_1_4' title='bbox 203 308 279 376; x_wconf 95' lang='lat' dir='ltr'>quod</span> <span class='ocrx_word' id='word_1_5' title='bbox 288 307 425 374; x_wconf 90' lang='lat' dir='ltr'>reliquum</span> <span class='ocrx_word' id='word_1_6' title='bbox 436 313 479 358; x_wconf 89' lang='lat' dir='ltr'>est</span> <span class='ocrx_word' id='word_1_7' title='bbox 489 322 540 358; x_wconf 89' lang='lat' dir='ltr'>suo</span> <span class='ocrx_word' id='word_1_8' title='bbox 551 307 611 373; x_wconf 88' lang='lat' dir='ltr'>ipse</span> <span class='ocrx_word' id='word_1_9' title='bbox 626 307 733 386; x_wconf 82' lang='lat' dir='ltr'>privato</span> <span class='ocrx_word' id='word_1_10' title='bbox 745 291 841 362; x_wconf 88' lang='lat' dir='ltr'>studio</span> <span class='ocrx_word' id='word_1_11' title='bbox 854 319 998 427; x_wconf 60' lang='lat' dir='ltr'>persequa-</span> 
     </span>
     <span class='ocr_line' id='line_1_3' title="bbox 201 369 1052 440; baseline 0 -13"><span class='ocrx_word' id='word_1_12' title='bbox 201 384 257 427; x_wconf 88' lang='lat' dir='ltr'>tur.</span> <span class='ocrx_word' id='word_1_13' title='bbox 291 375 367 426; x_wconf 84' lang='lat' dir='ltr'>iiuic</span> <span class='ocrx_word' id='word_1_14' title='bbox 377 376 419 426; x_wconf 89' lang='lat' dir='ltr'>rei</span> <span class='ocrx_word' id='word_1_15' title='bbox 428 373 569 426; x_wconf 88' lang='lat' dir='ltr'>biennium</span> <span class='ocrx_word' id='word_1_16' title='bbox 580 373 760 425; x_wconf 73' lang='lat' dir='ltr'>collectorum</span> <span class='ocrx_word' id='word_1_17' title='bbox 770 382 848 440; x_wconf 90' lang='lat' dir='ltr'>puto.</span> <span class='ocrx_word' id='word_1_18' title='bbox 879 376 930 428; x_wconf 91' lang='lat' dir='ltr'>illu</span> <span class='ocrx_word' id='word_1_19' title='bbox 959 379 997 428; x_wconf 80' lang='lat' dir='ltr'>in·</span> <span class='ocrx_word' id='word_1_20' title='bbox 1051 369 1052 438; x_wconf 69' lang='grc'>1</span> 
     </span>
     <span class='ocr_line' id='line_1_4' title="bbox 201 440 1052 514; baseline 0.001 -21"><span class='ocrx_word' id='word_1_21' title='bbox 201 450 282 494; x_wconf 87' lang='lat' dir='ltr'>terea</span> <span class='ocrx_word' id='word_1_22' title='bbox 300 441 335 492; x_wconf 90' lang='lat' dir='ltr'>ad</span> <span class='ocrx_word' id='word_1_23' title='bbox 347 441 474 508; x_wconf 81' lang='lat' dir='ltr'><strong>magistri</strong></span> <span class='ocrx_word' id='word_1_24' title='bbox 490 453 583 490; x_wconf 88' lang='lat' dir='ltr'>curam</span> <span class='ocrx_word' id='word_1_25' title='bbox 597 447 625 492; x_wconf 90' lang='lat' dir='ltr'>et</span> <span class='ocrx_word' id='word_1_26' title='bbox 638 440 853 494; x_wconf 87' lang='lat' dir='ltr'>sollicitudinem</span> <span class='ocrx_word' id='word_1_27' title='bbox 874 443 998 508; x_wconf 83' lang='lat' dir='ltr'>pertines,</span> <span class='ocrx_word' id='word_1_28' title='bbox 1051 443 1052 514; x_wconf 65' lang='lat' dir='ltr'>l</span> 
     </span>
     <span class='ocr_line' id='line_1_5' title="bbox 201 505 997 576; baseline 0 -16"><span class='ocrx_word' id='word_1_29' title='bbox 201 515 232 560; x_wconf 94' lang='lat' dir='ltr'>ut</span> <span class='ocrx_word' id='word_1_30' title='bbox 242 523 311 576; x_wconf 91' lang='lat' dir='ltr'>puer</span> <span class='ocrx_word' id='word_1_31' title='bbox 320 505 461 574; x_wconf 87' lang='lat' dir='ltr'>loquendo</span> <span class='ocrx_word' id='word_1_32' title='bbox 473 506 583 572; x_wconf 90' lang='lat' dir='ltr'>quidem</span> <span class='ocrx_word' id='word_1_33' title='bbox 594 507 733 573; x_wconf 80' lang='lat' dir='ltr'>quotidie,</span> <span class='ocrx_word' id='word_1_34' title='bbox 748 509 894 560; x_wconf 85' lang='lat' dir='ltr'>scribendo</span> <span class='ocrx_word' id='word_1_35' title='bbox 910 517 997 562; x_wconf 89' lang='lat' dir='ltr'>autem</span> 
     </span>
     <span class='ocr_line' id='line_1_6' title="bbox 201 573 999 642; baseline 0.003 -16"><span class='ocrx_word' id='word_1_36' title='bbox 201 574 317 626; x_wconf 78' lang='lat' dir='ltr'><strong>alternis</strong></span> <span class='ocrx_word' id='word_1_37' title='bbox 332 573 431 624; x_wconf 88' lang='lat' dir='ltr'>saltem</span> <span class='ocrx_word' id='word_1_38' title='bbox 450 573 548 624; x_wconf 89' lang='lat' dir='ltr'>diebus</span> <span class='ocrx_word' id='word_1_39' title='bbox 568 579 740 626; x_wconf 78' lang='lat' dir='ltr'>exerceatur.</span> <span class='ocrx_word' id='word_1_40' title='bbox 776 574 887 642; x_wconf 90' lang='lat' dir='ltr'>inipso</span> <span class='ocrx_word' id='word_1_41' title='bbox 906 577 999 642; x_wconf 89' lang='lat' dir='ltr'>puber·</span> 
     </span>
     <span class='ocr_line' id='line_1_7' title="bbox 200 640 1052 707; baseline 0.004 -15"><span class='ocrx_word' id='word_1_42' title='bbox 200 643 268 692; x_wconf 83' lang='lat' dir='ltr'>tatis</span> <span class='ocrx_word' id='word_1_43' title='bbox 288 642 418 707; x_wconf 74' lang='lat' dir='ltr'>ingressu</span> <span class='ocrx_word' id='word_1_44' title='bbox 435 640 552 707; x_wconf 84' lang='lat' dir='ltr'>primum</span> <span class='ocrx_word' id='word_1_45' title='bbox 571 641 707 691; x_wconf 83' lang='lat' dir='ltr'>exercebo</span> <span class='ocrx_word' id='word_1_46' title='bbox 727 655 789 692; x_wconf 90' lang='lat' dir='ltr'>eom</span> <span class='ocrx_word' id='word_1_47' title='bbox 809 642 838 692; x_wconf 92' lang='lat' dir='ltr'>in</span> <span class='ocrx_word' id='word_1_48' title='bbox 859 643 911 702; x_wconf 89' lang='lat' dir='ltr'>eis,</span> <span class='ocrx_word' id='word_1_49' title='bbox 949 658 999 694; x_wconf 88' lang='lat' dir='ltr'>uae</span> <span class='ocrx_word' id='word_1_50' title='bbox 1051 647 1052 686; x_wconf 81' lang='grc'>1</span> 
     </span>
     <span class='ocr_line' id='line_1_8' title="bbox 201 659 999 778; baseline 0 -18"><span class='ocrx_word' id='word_1_51' title='bbox 201 707 303 760; x_wconf 80' lang='lat' dir='ltr'>Graeci</span> <span class='ocrx_word' id='word_1_52' title='bbox 316 713 417 756; x_wconf 87' lang='lat' dir='ltr'>vocant</span> <span class='ocrx_word' id='word_1_53' title='bbox 431 715 685 776; x_wconf 85' lang='lat' dir='ltr'>progymnasmata,</span> <span class='ocrx_word' id='word_1_54' title='bbox 706 707 735 758; x_wconf 93' lang='lat' dir='ltr'>id</span> <span class='ocrx_word' id='word_1_55' title='bbox 755 713 810 778; x_wconf 78' lang='lat' dir='ltr'>est,</span> <span class='ocrx_word' id='word_1_56' title='bbox 831 659 999 774; x_wconf 53' lang='lat' dir='ltr'>praeiudico</span> 
     </span>
     <span class='ocr_line' id='line_1_9' title="bbox 200 773 998 842; baseline 0.001 -17"><span class='ocrx_word' id='word_1_57' title='bbox 200 775 281 842; x_wconf 88' lang='lat' dir='ltr'>quasi</span> <span class='ocrx_word' id='word_1_58' title='bbox 291 773 425 840; x_wconf 88' lang='lat' dir='ltr'>quaedam</span> <span class='ocrx_word' id='word_1_59' title='bbox 437 779 466 823; x_wconf 87' lang='lat' dir='ltr'>et</span> <span class='ocrx_word' id='word_1_60' title='bbox 476 774 688 840; x_wconf 78' lang='lat' dir='ltr'>praecursiones</span> <span class='ocrx_word' id='word_1_61' title='bbox 702 775 736 824; x_wconf 92' lang='lat' dir='ltr'>ad</span> <span class='ocrx_word' id='word_1_62' title='bbox 752 775 950 841; x_wconf 86' lang='lat' dir='ltr'>eloquentiam,</span> <span class='ocrx_word' id='word_1_63' title='bbox 965 777 998 828; x_wconf 86' lang='lat' dir='ltr'>de</span> 
     </span>
     <span class='ocr_line' id='line_1_10' title="bbox 201 839 999 908; baseline 0.001 -16"><span class='ocrx_word' id='word_1_64' title='bbox 201 841 301 908; x_wconf 91' lang='lat' dir='ltr'>quibus</span> <span class='ocrx_word' id='word_1_65' title='bbox 322 846 414 890; x_wconf 85' lang='lat' dir='ltr'>exstat</span> <span class='ocrx_word' id='word_1_66' title='bbox 432 840 563 890; x_wconf 89' lang='lat' dir='ltr'>aureolus</span> <span class='ocrx_word' id='word_1_67' title='bbox 577 839 689 892; x_wconf 86' lang='lat' dir='ltr'>libellus</span> <span class='ocrx_word' id='word_1_68' title='bbox 704 840 828 892; x_wconf 70' lang='lat' dir='ltr'>&#39;Theonis</span> <span class='ocrx_word' id='word_1_69' title='bbox 844 840 999 908; x_wconf 87' lang='lat' dir='ltr'>Sophistae,</span> 
     </span>
     <span class='ocr_line' id='line_1_11' title="bbox 202 905 1000 976; baseline 0.008 -21"><span class='ocrx_word' id='word_1_70' title='bbox 202 908 257 973; x_wconf 89' lang='lat' dir='ltr'>qui,</span> <span class='ocrx_word' id='word_1_71' title='bbox 269 906 293 956; x_wconf 90' lang='lat' dir='ltr'>si</span> <span class='ocrx_word' id='word_1_72' title='bbox 304 905 395 972; x_wconf 91' lang='lat' dir='ltr'>quide</span> <span class='ocrx_word' id='word_1_73' title='bbox 416 920 433 958; x_wconf 94' lang='lat' dir='ltr'>o</span> <span class='ocrx_word' id='word_1_74' title='bbox 445 906 613 958; x_wconf 84' lang='lat' dir='ltr'>auctoritate</span> <span class='ocrx_word' id='word_1_75' title='bbox 623 919 747 973; x_wconf 86' lang='lat' dir='ltr'>possem,</span> <span class='ocrx_word' id='word_1_76' title='bbox 761 910 907 974; x_wconf 74' lang='lat' dir='ltr'>quotannis</span> <span class='ocrx_word' id='word_1_77' title='bbox 918 923 1000 976; x_wconf 84' lang='lat' dir='ltr'>espo-</span> 
     </span>
     <span class='ocr_line' id='line_1_12' title="bbox 202 921 1001 1042; baseline 0.004 -18"><span class='ocrx_word' id='word_1_78' title='bbox 202 979 316 1024; x_wconf 88' lang='lat' dir='ltr'>neretur·</span> <span class='ocrx_word' id='word_1_79' title='bbox 326 973 355 1024; x_wconf 91' lang='lat' dir='ltr'>in</span> <span class='ocrx_word' id='word_1_80' title='bbox 364 921 479 1036; x_wconf 57' lang='lat' dir='ltr'>scfiolis,</span> <span class='ocrx_word' id='word_1_81' title='bbox 491 980 520 1024; x_wconf 88' lang='lat' dir='ltr'>et</span> <span class='ocrx_word' id='word_1_82' title='bbox 530 972 565 1023; x_wconf 89' lang='lat' dir='ltr'>ad</span> <span class='ocrx_word' id='word_1_83' title='bbox 575 980 731 1040; x_wconf 82' lang='lat' dir='ltr'>praecepte,</span> <span class='ocrx_word' id='word_1_84' title='bbox 742 989 812 1042; x_wconf 88' lang='lat' dir='ltr'>quae</span> <span class='ocrx_word' id='word_1_85' title='bbox 822 975 881 1026; x_wconf 90' lang='lat' dir='ltr'>illic</span> <span class='ocrx_word' id='word_1_86' title='bbox 891 976 1001 1027; x_wconf 86' lang='lat' dir='ltr'>tradun-</span> 
     </span>
     <span class='ocr_line' id='line_1_13' title="bbox 200 1040 1002 1110; baseline 0.006 -20"><span class='ocrx_word' id='word_1_87' title='bbox 200 1047 256 1102; x_wconf 88' lang='lat' dir='ltr'>tur,</span> <span class='ocrx_word' id='word_1_88' title='bbox 272 1040 387 1092; x_wconf 86' lang='lat' dir='ltr'>iuvenes</span> <span class='ocrx_word' id='word_1_89' title='bbox 397 1045 531 1107; x_wconf 89' lang='lat' dir='ltr'>perpetuo</span> <span class='ocrx_word' id='word_1_90' title='bbox 542 1045 748 1092; x_wconf 83' lang='lat' dir='ltr'>exercerentur.</span> <span class='ocrx_word' id='word_1_91' title='bbox 784 1041 839 1093; x_wconf 86' lang='lat' dir='ltr'>Sed</span> <span class='ocrx_word' id='word_1_92' title='bbox 850 1047 878 1094; x_wconf 92' lang='lat' dir='ltr'>et</span> <span class='ocrx_word' id='word_1_93' title='bbox 889 1040 941 1094; x_wconf 87' lang='lat' dir='ltr'>hoc</span> <span class='ocrx_word' id='word_1_94' title='bbox 954 1058 1002 1110; x_wconf 85' lang='lat' dir='ltr'>ge·</span> 
     </span>
     <span class='ocr_line' id='line_1_14' title="bbox 202 1107 1003 1174; baseline 0.005 -17"><span class='ocrx_word' id='word_1_95' title='bbox 202 1121 253 1157; x_wconf 87' lang='lat' dir='ltr'>nus</span> <span class='ocrx_word' id='word_1_96' title='bbox 274 1107 486 1158; x_wconf 82' lang='lat' dir='ltr'>exercitationis</span> <span class='ocrx_word' id='word_1_97' title='bbox 506 1113 535 1156; x_wconf 88' lang='lat' dir='ltr'>et</span> <span class='ocrx_word' id='word_1_98' title='bbox 554 1107 642 1157; x_wconf 89' lang='lat' dir='ltr'>omnis</span> <span class='ocrx_word' id='word_1_99' title='bbox 662 1109 860 1174; x_wconf 80' lang='lat' dir='ltr'>propemodum</span> <span class='ocrx_word' id='word_1_100' title='bbox 879 1115 1003 1161; x_wconf 59' lang='lat' dir='ltr'>recta‘et</span> 
     </span>
     <span class='ocr_line' id='line_1_15' title="bbox 202 1173 1002 1240; baseline 0.006 -16"><span class='ocrx_word' id='word_1_101' title='bbox 202 1173 317 1240; x_wconf 86' lang='lat' dir='ltr'>antiqua</span> <span class='ocrx_word' id='word_1_102' title='bbox 329 1174 518 1226; x_wconf 84' lang='lat' dir='ltr'>instituendae</span> <span class='ocrx_word' id='word_1_103' title='bbox 533 1174 683 1225; x_wconf 87' lang='lat' dir='ltr'>iuventutis</span> <span class='ocrx_word' id='word_1_104' title='bbox 699 1176 771 1225; x_wconf 86' lang='lat' dir='ltr'>ratio</span> <span class='ocrx_word' id='word_1_105' title='bbox 782 1189 837 1226; x_wconf 91' lang='lat' dir='ltr'>non</span> <span class='ocrx_word' id='word_1_106' title='bbox 847 1181 951 1228; x_wconf 88' lang='lat' dir='ltr'>tantum</span> <span class='ocrx_word' id='word_1_107' title='bbox 961 1177 1002 1229; x_wconf 88' lang='lat' dir='ltr'>in·</span> 
     </span>
     <span class='ocr_line' id='line_1_16' title="bbox 201 1239 1004 1310; baseline 0.004 -18"><span class='ocrx_word' id='word_1_108' title='bbox 201 1241 332 1292; x_wconf 86' lang='lat' dir='ltr'>termissa</span> <span class='ocrx_word' id='word_1_109' title='bbox 340 1243 395 1293; x_wconf 87' lang='lat' dir='ltr'>iam</span> <span class='ocrx_word' id='word_1_110' title='bbox 404 1241 521 1307; x_wconf 88' lang='lat' dir='ltr'>pridem,</span> <span class='ocrx_word' id='word_1_111' title='bbox 532 1239 582 1292; x_wconf 88' lang='lat' dir='ltr'>sed</span> <span class='ocrx_word' id='word_1_112' title='bbox 592 1241 732 1292; x_wconf 86' lang='lat' dir='ltr'>oblivione</span> <span class='ocrx_word' id='word_1_113' title='bbox 744 1243 843 1293; x_wconf 84' lang='lat' dir='ltr'>obruta</span> <span class='ocrx_word' id='word_1_114' title='bbox 852 1257 885 1292; x_wconf 88' lang='lat' dir='ltr'>ac</span> <span class='ocrx_word' id='word_1_115' title='bbox 895 1244 1004 1310; x_wconf 86' lang='lat' dir='ltr'>sepulta</span> 
     </span>
     <span class='ocr_line' id='line_1_17' title="bbox 202 1307 1052 1376; baseline -0.001 -19"><span class='ocrx_word' id='word_1_116' title='bbox 202 1313 257 1359; x_wconf 85' lang='lat' dir='ltr'>est:</span> <span class='ocrx_word' id='word_1_117' title='bbox 269 1322 339 1376; x_wconf 91' lang='lat' dir='ltr'>quae</span> <span class='ocrx_word' id='word_1_118' title='bbox 349 1309 373 1360; x_wconf 91' lang='lat' dir='ltr'>si</span> <span class='ocrx_word' id='word_1_119' title='bbox 383 1313 571 1368; x_wconf 84' lang='lat' dir='ltr'>revocaretur,</span> <span class='ocrx_word' id='word_1_120' title='bbox 583 1307 679 1374; x_wconf 88' lang='lat' dir='ltr'>paucis</span> <span class='ocrx_word' id='word_1_121' title='bbox 689 1309 767 1360; x_wconf 89' lang='lat' dir='ltr'>annis</span> <span class='ocrx_word' id='word_1_122' title='bbox 778 1309 1003 1367; x_wconf 84' lang='lat' dir='ltr'>exsisterentlro.</span> <span class='ocrx_word' id='word_1_123' title='bbox 1051 1347 1052 1354; x_wconf 69' lang='lat'>.</span> 
     </span>
     <span class='ocr_line' id='line_1_18' title="bbox 201 1361 1052 1440; baseline 0.009 -14"><span class='ocrx_word' id='word_1_124' title='bbox 201 1377 290 1426; x_wconf 86' lang='lat' dir='ltr'>mines</span> <span class='ocrx_word' id='word_1_125' title='bbox 307 1390 372 1426; x_wconf 87' lang='lat' dir='ltr'>vere</span> <span class='ocrx_word' id='word_1_126' title='bbox 387 1374 496 1440; x_wconf 88' lang='lat' dir='ltr'>copiosi</span> <span class='ocrx_word' id='word_1_127' title='bbox 512 1379 540 1425; x_wconf 88' lang='lat' dir='ltr'>et</span> <span class='ocrx_word' id='word_1_128' title='bbox 550 1373 726 1440; x_wconf 64' lang='lat' dir='ltr'>eloquentem</span> <span class='ocrx_word' id='word_1_129' title='bbox 743 1376 792 1428; x_wconf 89' lang='lat' dir='ltr'>isti</span> <span class='ocrx_word' id='word_1_130' title='bbox 803 1378 1003 1432; x_wconf 86' lang='lat' dir='ltr'>autemclama·</span> <span class='ocrx_word' id='word_1_131' title='bbox 1051 1361 1052 1434; x_wconf 92' lang='grc'>1</span> 
     </span>
     <span class='ocr_line' id='line_1_19' title="bbox 201 1439 1003 1510; baseline 0.005 -17"><span class='ocrx_word' id='word_1_132' title='bbox 201 1449 293 1504; x_wconf 89' lang='lat' dir='ltr'>tores,</span> <span class='ocrx_word' id='word_1_133' title='bbox 310 1441 359 1510; x_wconf 92' lang='lat' dir='ltr'>qui</span> <span class='ocrx_word' id='word_1_134' title='bbox 371 1453 472 1492; x_wconf 91' lang='lat' dir='ltr'>nomen</span> <span class='ocrx_word' id='word_1_135' title='bbox 486 1439 664 1507; x_wconf 90' lang='lat' dir='ltr'>eloquentum</span> <span class='ocrx_word' id='word_1_136' title='bbox 680 1443 895 1508; x_wconf 84' lang='lat' dir='ltr'>gesticulatione</span> <span class='ocrx_word' id='word_1_137' title='bbox 907 1452 1003 1510; x_wconf 90' lang='lat' dir='ltr'>panto·</span> 
     </span>
     <span class='ocr_line' id='line_1_20' title="bbox 201 1505 1004 1576; baseline 0.002 -16"><span class='ocrx_word' id='word_1_138' title='bbox 201 1509 313 1560; x_wconf 89' lang='lat' dir='ltr'>mimica</span> <span class='ocrx_word' id='word_1_139' title='bbox 333 1513 361 1559; x_wconf 90' lang='lat' dir='ltr'>et</span> <span class='ocrx_word' id='word_1_140' title='bbox 380 1505 556 1558; x_wconf 82' lang='lat' dir='ltr'>uolubilitate</span> <span class='ocrx_word' id='word_1_141' title='bbox 575 1507 688 1576; x_wconf 84' lang='lat' dir='ltr'>linguae</span> <span class='ocrx_word' id='word_1_142' title='bbox 696 1514 736 1560; x_wconf 81' lang='lat' dir='ltr'>-et</span> <span class='ocrx_word' id='word_1_143' title='bbox 759 1510 930 1576; x_wconf 87' lang='lat' dir='ltr'>impudentia</span> <span class='ocrx_word' id='word_1_144' title='bbox 950 1511 1004 1564; x_wconf 86' lang='lat' dir='ltr'>sibi</span> 
     </span>
     <span class='ocr_line' id='line_1_21' title="bbox 222 1574 1003 1644; baseline 0.005 -19"><span class='ocrx_word' id='word_1_145' title='bbox 222 1579 381 1641; x_wconf 83' lang='lat' dir='ltr'>sperarunt,</span> <span class='ocrx_word' id='word_1_146' title='bbox 396 1574 437 1623; x_wconf 90' lang='lat' dir='ltr'>ita</span> <span class='ocrx_word' id='word_1_147' title='bbox 445 1574 582 1636; x_wconf 87' lang='lat' dir='ltr'>iacerent,</span> <span class='ocrx_word' id='word_1_148' title='bbox 596 1582 628 1627; x_wconf 90' lang='lat' dir='ltr'>ut</span> <span class='ocrx_word' id='word_1_149' title='bbox 638 1591 687 1628; x_wconf 90' lang='lat' dir='ltr'>eos</span> <span class='ocrx_word' id='word_1_150' title='bbox 699 1576 795 1628; x_wconf 89' lang='lat' dir='ltr'>audire</span> <span class='ocrx_word' id='word_1_151' title='bbox 806 1592 886 1629; x_wconf 89' lang='lat' dir='ltr'>nemo</span> <span class='ocrx_word' id='word_1_152' title='bbox 897 1585 1003 1644; x_wconf 87' lang='lat' dir='ltr'>posset.</span> 
     </span>
     <span class='ocr_line' id='line_1_22' title="bbox 200 1591 1005 1706; baseline 0.005 -14"><span class='ocrx_word' id='word_1_153' title='bbox 200 1591 345 1706; x_wconf 71' lang='lat' dir='ltr'>ftaigitur</span> <span class='ocrx_word' id='word_1_154' title='bbox 359 1639 529 1703; x_wconf 79' lang='lat' dir='ltr'>exercitatus</span> <span class='ocrx_word' id='word_1_155' title='bbox 543 1643 708 1696; x_wconf 86' lang='lat' dir='ltr'>adolescens</span> <span class='ocrx_word' id='word_1_156' title='bbox 722 1649 811 1694; x_wconf 91' lang='lat' dir='ltr'>totum</span> <span class='ocrx_word' id='word_1_157' title='bbox 827 1660 857 1696; x_wconf 89' lang='lat' dir='ltr'>se</span> <span class='ocrx_word' id='word_1_158' title='bbox 874 1645 1005 1696; x_wconf 81' lang='lat' dir='ltr'>Ciceroni</span> 
     </span>
     <span class='ocr_line' id='line_1_23' title="bbox 202 1707 1006 1776; baseline 0.006 -16"><span class='ocrx_word' id='word_1_159' title='bbox 202 1707 299 1767; x_wconf 88' lang='lat' dir='ltr'>dedat,</span> <span class='ocrx_word' id='word_1_160' title='bbox 316 1707 524 1776; x_wconf 86' lang='lat' dir='ltr'>ingurgitetque</span> <span class='ocrx_word' id='word_1_161' title='bbox 535 1724 566 1761; x_wconf 92' lang='lat' dir='ltr'>se</span> <span class='ocrx_word' id='word_1_162' title='bbox 576 1712 606 1762; x_wconf 91' lang='lat' dir='ltr'>in</span> <span class='ocrx_word' id='word_1_163' title='bbox 615 1711 693 1762; x_wconf 92' lang='lat' dir='ltr'>illum</span> <span class='ocrx_word' id='word_1_164' title='bbox 703 1710 870 1764; x_wconf 81' lang='lat' dir='ltr'>ubemimum</span> <span class='ocrx_word' id='word_1_165' title='bbox 881 1718 909 1762; x_wconf 88' lang='lat' dir='ltr'>et</span> <span class='ocrx_word' id='word_1_166' title='bbox 919 1712 1006 1764; x_wconf 91' lang='lat' dir='ltr'>abun-</span> 
     </span>
     <span class='ocr_line' id='line_1_24' title="bbox 201 1773 1005 1860; baseline 0.006 -35"><span class='ocrx_word' id='word_1_167' title='bbox 201 1773 393 1826; x_wconf 85' lang='lat' dir='ltr'>dantissimum</span> <span class='ocrx_word' id='word_1_168' title='bbox 405 1774 583 1842; x_wconf 86' lang='lat' dir='ltr'>eloquentiae</span> <span class='ocrx_word' id='word_1_169' title='bbox 596 1777 715 1838; x_wconf 87' lang='lat' dir='ltr'>fontem,</span> <span class='ocrx_word' id='word_1_170' title='bbox 730 1777 853 1830; x_wconf 88' lang='lat' dir='ltr'>retinens</span> <span class='ocrx_word' id='word_1_171' title='bbox 867 1785 1005 1860; x_wconf 85' lang='lat' dir='ltr'>perpetuo</span> 
     </span>
     <span class='ocr_line' id='line_1_25' title="bbox 200 1840 1007 1910; baseline 0.009 -21"><span class='ocrx_word' id='word_1_172' title='bbox 200 1840 291 1902; x_wconf 73' lang='lat' dir='ltr'>illanc,</span> <span class='ocrx_word' id='word_1_173' title='bbox 309 1855 417 1906; x_wconf 88' lang='lat' dir='ltr'>quama</span> <span class='ocrx_word' id='word_1_174' title='bbox 460 1843 562 1910; x_wconf 87' lang='lat' dir='ltr'>incipio</span> <span class='ocrx_word' id='word_1_175' title='bbox 573 1845 752 1908; x_wconf 83' lang='lat' dir='ltr'>instituimus,</span> <span class='ocrx_word' id='word_1_176' title='bbox 764 1847 1007 1906; x_wconf 81' lang='lat' dir='ltr'>consuetudinem,</span> 
     </span>
     <span class='ocr_line' id='line_1_26' title="bbox 200 1857 455 1960; baseline 0.016 -3"><span class='ocrx_word' id='word_1_177' title='bbox 200 1857 455 1960; x_wconf 44' lang='lat' dir='ltr'>utGraecacumffi</span> 
     </span>
     <span class='ocr_line' id='line_1_27' title="bbox 200 1974 1008 2042; baseline 0.01 -18"><span class='ocrx_word' id='word_1_178' title='bbox 200 1981 253 2025; x_wconf 85' lang='lat' dir='ltr'>rat.</span> <span class='ocrx_word' id='word_1_179' title='bbox 289 1974 433 2028; x_wconf 87' lang='lat' dir='ltr'>Ciceronis</span> <span class='ocrx_word' id='word_1_180' title='bbox 448 1991 463 2027; x_wconf 90' lang='lat' dir='ltr'>e</span> <span class='ocrx_word' id='word_1_181' title='bbox 484 1977 582 2028; x_wconf 91' lang='lat' dir='ltr'>istolas</span> <span class='ocrx_word' id='word_1_182' title='bbox 597 1993 658 2028; x_wconf 91' lang='lat' dir='ltr'>cum</span> <span class='ocrx_word' id='word_1_183' title='bbox 671 1977 760 2042; x_wconf 83' lang='lat' dir='ltr'>leget,</span> <span class='ocrx_word' id='word_1_184' title='bbox 779 1978 891 2027; x_wconf 87' lang='lat' dir='ltr'>evolvat</span> <span class='ocrx_word' id='word_1_185' title='bbox 902 1979 1008 2031; x_wconf 85' lang='lat' dir='ltr'>eodem</span> 
     </span>
     <span class='ocr_line' id='line_1_28' title="bbox 153 1992 1052 2109; baseline -0.001 -17"><span class='ocrx_word' id='word_1_186' title='bbox 153 2092 158 2109; x_wconf 77' lang='lat'>.</span> <span class='ocrx_word' id='word_1_187' title='bbox 199 2041 292 2093; x_wconf 89' lang='lat' dir='ltr'>studio</span> <span class='ocrx_word' id='word_1_188' title='bbox 305 2041 446 2105; x_wconf 88' lang='lat' dir='ltr'>Platonis,</span> <span class='ocrx_word' id='word_1_189' title='bbox 463 1992 609 2103; x_wconf 58' lang='lat' dir='ltr'>flectatis,</span> <span class='ocrx_word' id='word_1_190' title='bbox 619 2039 817 2101; x_wconf 83' lang='lat' dir='ltr'>Demosthenis</span> <span class='ocrx_word' id='word_1_191' title='bbox 827 2041 1010 2109; x_wconf 73' lang='lat' dir='ltr'>aliorumque</span> <span class='ocrx_word' id='word_1_192' title='bbox 1051 2059 1052 2100; x_wconf 84' lang='lat' dir='ltr'>l</span> 
     </span>
     <span class='ocr_line' id='line_1_29' title="bbox 199 2104 1052 2176; baseline -0.005 -16"><span class='ocrx_word' id='word_1_193' title='bbox 199 2107 371 2162; x_wconf 78' lang='lat' dir='ltr'>Graecorum</span> <span class='ocrx_word' id='word_1_194' title='bbox 387 2109 534 2174; x_wconf 88' lang='lat' dir='ltr'>epistolas,</span> <span class='ocrx_word' id='word_1_195' title='bbox 573 2122 625 2157; x_wconf 91' lang='lat' dir='ltr'>uae</span> <span class='ocrx_word' id='word_1_196' title='bbox 637 2107 731 2158; x_wconf 91' lang='lat' dir='ltr'>induo</span> <span class='ocrx_word' id='word_1_197' title='bbox 745 2104 885 2156; x_wconf 88' lang='lat' dir='ltr'>volumina</span> <span class='ocrx_word' id='word_1_198' title='bbox 898 2120 1010 2176; x_wconf 74' lang='lat' dir='ltr'>conge.</span> <span class='ocrx_word' id='word_1_199' title='bbox 1051 2135 1052 2176; x_wconf 59' lang='lat' dir='ltr'>q</span> 
     </span>
     <span class='ocr_line' id='line_1_30' title="bbox 198 2123 1009 2244; baseline -0.004 -16"><span class='ocrx_word' id='word_1_200' title='bbox 198 2184 259 2228; x_wconf 89' lang='lat' dir='ltr'>stae</span> <span class='ocrx_word' id='word_1_201' title='bbox 269 2175 502 2244; x_wconf 63' lang='lat' dir='ltr'>reperiantur**).</span> <span class='ocrx_word' id='word_1_202' title='bbox 537 2123 575 2222; x_wconf 53' lang='grc'>111</span> <span class='ocrx_word' id='word_1_203' title='bbox 585 2167 672 2222; x_wconf 79' lang='lat' dir='ltr'>libies</span> <span class='ocrx_word' id='word_1_204' title='bbox 684 2172 717 2222; x_wconf 90' lang='lat' dir='ltr'>de</span> <span class='ocrx_word' id='word_1_205' title='bbox 728 2169 869 2222; x_wconf 87' lang='lat' dir='ltr'>rhetorica</span> <span class='ocrx_word' id='word_1_206' title='bbox 878 2173 1009 2240; x_wconf 77' lang='lat' dir='ltr'>scriptos</span> 
     </span>
     <span class='ocr_line' id='line_1_31' title="bbox 198 2237 1007 2308; baseline 0.001 -14"><span class='ocrx_word' id='word_1_207' title='bbox 198 2240 495 2308; x_wconf 84' lang='lat' dir='ltr'>adiungatAristotelis</span> <span class='ocrx_word' id='word_1_208' title='bbox 506 2237 593 2290; x_wconf 88' lang='lat' dir='ltr'>libros</span> <span class='ocrx_word' id='word_1_209' title='bbox 606 2239 730 2290; x_wconf 88' lang='lat' dir='ltr'>eiusdem</span> <span class='ocrx_word' id='word_1_210' title='bbox 741 2240 904 2302; x_wconf 83' lang='lat' dir='ltr'>argumenti,</span> <span class='ocrx_word' id='word_1_211' title='bbox 916 2256 1007 2307; x_wconf 88' lang='lat' dir='ltr'>quae·</span> 
     </span>
     <span class='ocr_line' id='line_1_32' title="bbox 198 2305 1052 2375; baseline 0.001 -13"><span class='ocrx_word' id='word_1_212' title='bbox 198 2323 252 2375; x_wconf 85' lang='lat' dir='ltr'>que</span> <span class='ocrx_word' id='word_1_213' title='bbox 266 2308 363 2358; x_wconf 89' lang='lat' dir='ltr'>eadem</span> <span class='ocrx_word' id='word_1_214' title='bbox 379 2306 412 2356; x_wconf 90' lang='lat' dir='ltr'>de</span> <span class='ocrx_word' id='word_1_215' title='bbox 426 2320 456 2358; x_wconf 89' lang='lat' dir='ltr'>re</span> <span class='ocrx_word' id='word_1_216' title='bbox 471 2305 625 2373; x_wconf 88' lang='lat' dir='ltr'>Dionysius</span> <span class='ocrx_word' id='word_1_217' title='bbox 639 2305 884 2372; x_wconf 79' lang='lat' dir='ltr'>Halicarnasseus,</span> <span class='ocrx_word' id='word_1_218' title='bbox 898 2307 1008 2364; x_wconf 82' lang='lat' dir='ltr'>Deme-</span> <span class='ocrx_word' id='word_1_219' title='bbox 1051 2313 1052 2330; x_wconf 67' lang='lat'>¹</span> 
     </span>
    </p>
   </div>
   <div class='ocr_carea' id='block_1_3' title="bbox 458 1905 1006 1976">
    <p class='ocr_par' dir='ltr' id='par_1_3' title="bbox 458 1905 1052 2036">
     <span class='ocr_line' id='line_1_33' title="bbox 458 1905 1006 1976; baseline 0.007 -16"><span class='ocrx_word' id='word_1_220' title='bbox 458 1911 555 1976; x_wconf 76' lang='lat' dir='ltr'>artinis,</span> <span class='ocrx_word' id='word_1_221' title='bbox 575 1912 678 1964; x_wconf 89' lang='lat' dir='ltr'>similia</span> <span class='ocrx_word' id='word_1_222' title='bbox 689 1927 750 1962; x_wconf 89' lang='lat' dir='ltr'>cum</span> <span class='ocrx_word' id='word_1_223' title='bbox 761 1912 896 1963; x_wconf 89' lang='lat' dir='ltr'>similibus</span> <span class='ocrx_word' id='word_1_224' title='bbox 907 1905 1006 1964; x_wconf 71' lang='lat' dir='ltr'>conse·</span> 
     </span>
    </p>
   </div>
   <div class='ocr_carea' id='block_1_4' title="bbox 192 2436 1006 2662">
    <p class='ocr_par' dir='ltr' id='par_1_4' title="bbox 192 2436 1006 2662">
     <span class='ocr_line' id='line_1_34' title="bbox 242 2436 1006 2497; baseline 0.008 -15"><span class='ocrx_word' id='word_1_225' title='bbox 242 2439 263 2492; x_wconf 79' lang='lat'>⁴)</span> <span class='ocrx_word' id='word_1_226' title='bbox 274 2436 336 2482; x_wconf 83' lang='lat' dir='ltr'>Plin.</span> <span class='ocrx_word' id='word_1_227' title='bbox 345 2439 430 2494; x_wconf 76' lang='lat' dir='ltr'>ele.</span> <span class='ocrx_word' id='word_1_228' title='bbox 442 2443 475 2484; x_wconf 80' lang='lat' dir='ltr'>ll.</span> <span class='ocrx_word' id='word_1_229' title='bbox 485 2442 546 2484; x_wconf 86' lang='lat' dir='ltr'>extr.</span> <span class='ocrx_word' id='word_1_230' title='bbox 568 2437 607 2482; x_wconf 81' lang='lat' dir='ltr'>Tu</span> <span class='ocrx_word' id='word_1_231' title='bbox 619 2443 696 2484; x_wconf 82' lang='lat' dir='ltr'>temen</span> <span class='ocrx_word' id='word_1_232' title='bbox 706 2438 815 2494; x_wconf 76' lang='lat' dir='ltr'>sestius,</span> <span class='ocrx_word' id='word_1_233' title='bbox 835 2445 944 2497; x_wconf 83' lang='lat' dir='ltr'>quantum</span> <span class='ocrx_word' id='word_1_234' title='bbox 960 2457 1006 2488; x_wconf 82' lang='lat' dir='ltr'>nos</span> 
     </span>
     <span class='ocr_line' id='line_1_35' title="bbox 196 2495 1006 2568; baseline 0.004 -31"><span class='ocrx_word' id='word_1_235' title='bbox 196 2496 220 2537; x_wconf 92' lang='lat' dir='ltr'>in</span> <span class='ocrx_word' id='word_1_236' title='bbox 234 2495 286 2550; x_wconf 84' lang='lat' dir='ltr'>ipss</span> <span class='ocrx_word' id='word_1_237' title='bbox 295 2507 372 2550; x_wconf 74' lang='lat' dir='ltr'>pugna</span> <span class='ocrx_word' id='word_1_238' title='bbox 382 2497 512 2539; x_wconf 78' lang='lat' dir='ltr'>certaminis</span> <span class='ocrx_word' id='word_1_239' title='bbox 521 2502 622 2548; x_wconf 80' lang='lat' dir='ltr'>maneat,</span> <span class='ocrx_word' id='word_1_240' title='bbox 643 2498 707 2540; x_wconf 87' lang='lat' dir='ltr'>cuius</span> <span class='ocrx_word' id='word_1_241' title='bbox 721 2497 784 2552; x_wconf 85' lang='lat' dir='ltr'>quasi</span> <span class='ocrx_word' id='word_1_242' title='bbox 797 2497 913 2556; x_wconf 68' lang='lat' dir='ltr'>praefinio</span> <span class='ocrx_word' id='word_1_243' title='bbox 930 2505 1006 2568; x_wconf 66' lang='lat' dir='ltr'>arque</span> 
     </span>
     <span class='ocr_line' id='line_1_36' title="bbox 192 2549 1006 2610; baseline 0.009 -16"><span class='ocrx_word' id='word_1_244' title='bbox 192 2549 325 2604; x_wconf 68' lang='lat' dir='ltr'>praeneste</span> <span class='ocrx_word' id='word_1_245' title='bbox 340 2549 380 2594; x_wconf 83' lang='lat' dir='ltr'>irss</span> <span class='ocrx_word' id='word_1_246' title='bbox 390 2553 547 2596; x_wconf 85' lang='lat' dir='ltr'>contentiones</span> <span class='ocrx_word' id='word_1_247' title='bbox 557 2553 676 2597; x_wconf 81' lang='lat' dir='ltr'>excitarit.</span> <span class='ocrx_word' id='word_1_248' title='bbox 707 2554 855 2610; x_wconf 76' lang='lat' dir='ltr'>Hermogenis</span> <span class='ocrx_word' id='word_1_249' title='bbox 865 2566 1006 2604; x_wconf 65' lang='lat' dir='ltr'>ssovrvt‘vus-</span> 
     </span>
     <span class='ocr_line' id='line_1_37' title="bbox 194 2606 713 2662; baseline 0.019 -19"><span class='ocrx_word' id='word_1_250' title='bbox 194 2617 250 2646; x_wconf 67' lang='grc' dir='ltr'>ματα</span> <span class='ocrx_word' id='word_1_251' title='bbox 256 2606 494 2662; x_wconf 64' lang='lat' dir='ltr'>praeexercitamen</span> <span class='ocrx_word' id='word_1_252' title='bbox 505 2608 566 2652; x_wconf 85' lang='lat' dir='ltr'>dixit</span> <span class='ocrx_word' id='word_1_253' title='bbox 576 2608 713 2654; x_wconf 80' lang='lat' dir='ltr'>Priscianus.</span> 
     </span>
    </p>
   </div>
   <div class='ocr_carea' id='block_1_5' title="bbox 185 2661 1001 2761">
    <p class='ocr_par' dir='ltr' id='par_1_5' title="bbox 185 2661 1001 2761">
     <span class='ocr_line' id='line_1_38' title="bbox 185 2661 1001 2761; baseline 0.038 -64"><span class='ocrx_word' id='word_1_254' title='bbox 185 2661 435 2761; x_wconf 53' lang='lat' dir='ltr'>.“;{;)⁴Epistalsruss</span> <span class='ocrx_word' id='word_1_255' title='bbox 454 2665 590 2712; x_wconf 73' lang='lat' dir='ltr'>Graecarum</span> <span class='ocrx_word' id='word_1_256' title='bbox 611 2666 733 2714; x_wconf 75' lang='lat' dir='ltr'>collectio.</span> <span class='ocrx_word' id='word_1_257' title='bbox 765 2668 870 2716; x_wconf 73' lang='lat' dir='ltr'>venetiis</span> <span class='ocrx_word' id='word_1_258' title='bbox 888 2681 928 2725; x_wconf 60' lang='grc' dir='ltr'>δι’·</span> <span class='ocrx_word' id='word_1_259' title='bbox 943 2668 1001 2714; x_wconf 62' lang='grc' dir='ltr'>ΔΜ</span> 
     </span>
    </p>
   </div>
   <div class='ocr_carea' id='block_1_6' title="bbox 0 0 1080 3012">
    <p class='ocr_par' dir='ltr' id='par_1_6' title="bbox 0 0 1080 3012">
     <span class='ocr_line' id='line_1_39' title="bbox 0 0 1080 3012; baseline 0 1"><span class='ocrx_word' id='word_1_260' title='bbox 0 0 1080 3012; x_wconf 95' lang='lat' dir='ltr'> </span> 
     </span>
    </p>
   </div>
  </div>
 </body>
</html>
