2140 3010
175 147 226 200 ne
454 142 609 198 oanrro
630 138 696 214 xx.
761 136 769 144 ·

173 253 293 302 summae
311 245 426 300 lnlnrias
438 246 585 308 retulerat,
604 259 665 298 enm
680 259 730 300 eor
744 245 807 298 aine
817 245 972 302 nllamole·

172 316 258 367 lestia
271 313 406 366 urbinate
417 327 468 374 sno
482 321 578 380 posset
593 313 704 376 ulcisci,
723 313 803 364 novis
815 315 972 381 posteabe·

173 383 281 433 nefieiis
295 387 393 432 anoton
408 381 442 432 ab
457 394 490 430 eo
509 386 537 431 et
551 379 705 432 cumulatos
721 379 817 432 inisse.
853 379 972 435 Pietatis

176 456 269 500 autern
283 454 311 499 et
324 445 468 515 religionis
482 445 511 496 in
521 445 611 498 Deum
624 453 652 496 et
665 447 783 511 plurima
791 453 852 499 toto
862 447 971 514 reliquo

128 567 133 572 ,
175 517 250 566 vitae
263 522 390 581 ternpore
404 519 433 564 et
445 513 600 564 certissima
615 527 647 562 ac
659 513 879 579 lucnlentissima
892 515 971 574 testi·

175 583 269 632 monia
283 581 367 632 morti
379 579 520 644 proximus
539 579 624 630 dedit.
660 579 714 639 Qui
729 595 791 630 curn
804 580 859 630 sibi
870 595 905 632 ex
919 579 971 632 hae

174 649 233 699 vita
242 647 413 714 migrandum
428 659 491 696 esse
505 646 634 705 sentiret,
653 643 723 696 nihil
736 647 863 709 territus,
880 662 971 700 saeer-
1012 683 1021 706 ,

175 715 269 766 dotem
283 712 390 764 accersi
402 711 495 772 iussit,
515 714 565 766 eui,
572 718 688 778 peceato
700 727 750 763 sna
761 713 802 762 ita
816 712 971 778 confessus,

175 788 206 832 ut
217 793 312 831 corum
321 793 387 830 vero
397 792 427 828 se
438 784 519 844 atque
530 793 565 828 ex
576 779 667 830 animo
677 779 835 845 poenitere,
851 794 971 830 omnem·

176 861 228 914 qne
239 859 315 910 spem
326 843 378 895 sibi
389 845 418 894 in
428 843 520 896 divina
530 844 654 896 bonitate
664 859 697 895 ao
706 845 898 898 misericordia
907 861 971 896 eon·
1061 905 1062 912 χ

175 913 300 964 stitutum
320 924 382 960 esse
401 905 575 973 ostenderet,
594 911 750 962 interiectis
769 910 876 978 aliquot
894 910 972 964 horis

163 993 165 998 ·
175 982 381 1030 sacrosanctum
390 976 501 1030 Domini
512 977 601 1044 nostri
611 976 675 1027 lesu
683 977 787 1028 Christi
797 992 897 1044 corpus
906 977 971 1028 reli·

175 1044 335 1112 giosissiine
353 1045 469 1111 accepit.
512 1041 579 1094 inde
600 1058 660 1108 eum
682 1050 889 1106 testamentum,
916 1045 971 1095 nisi

175 1115 305 1178 quantuni
322 1107 613 1162 certornnnhomlnnnr
624 1111 873 1178 invidiaimpediit,
888 1111 971 1161 bene-

173 1176 314 1228 volentiae
329 1191 361 1230 ae
371 1178 499 1229 caritatis
515 1191 583 1242 erga
596 1190 691 1228 omnes
706 1192 772 1227 suos
783 1177 972 1244 plenissimum

176 1243 361 1308 condidisset,
378 1252 544 1311 posteaque,
562 1243 666 1293 viribus
679 1243 768 1310 magis
782 1259 814 1294 ac
824 1245 912 1310 magis
925 1243 972 1296 de·

176 1311 347 1374 linientibus,
368 1325 448 1362 sacro
463 1309 541 1365 oleo,
561 1307 692 1359 adhibitis
702 1323 738 1360 ex
748 1310 803 1360 ritu
814 1305 971 1368 Christiano

176 1379 313 1445 precibus,
323 1379 450 1428 inunctus
462 1381 548 1426 esset:
558 1374 723 1440 languidaet
732 1375 972 1428 moribundaro'ce

172 1459 212 1496 ex
221 1443 418 1496 Davidiconuni
427 1441 594 1507 psalmorum
605 1441 740 1504 versibus,
756 1444 803 1509 qui
812 1443 919 1496 interea
928 1457 971 1494 re·

176 1512 345 1572 citabantur,
366 1522 427 1560 conr
440 1507 521 1572 plura
534 1521 590 1558 non
603 1514 712 1573 posset,
726 1520 855 1577 =extrema
872 1512 973 1562 saltent

175 1592 301 1646 quaeque
314 1575 399 1628 verba
431 1575 610 1638 renuncians,
630 1590 691 1626 curn
701 1577 858 1628 incredibili
876 1591 973 1628 eorum

176 1645 310 1706 onmium,
330 1643 377 1708 qni
390 1590 517 1706 egerant,
537 1641 636 1695 dolore
651 1648 803 1701 extremum
815 1642 877 1696 Deo
892 1643 974 1712 apiri-

174 1717 233 1760 turn
242 1708 372 1760 reddidit

209 1775 233 1826 0
252 1790 297 1826 rne
317 1774 473 1840 infelicem,
494 1784 597 1858 quanto
616 1775 684 1830 mihi
702 1791 748 1830 res
763 1792 844 1851 secus
859 1775 974 1838 cecidit,

166 1856 256 1909 ¹(lnam
270 1857 287 1892 a
301 1844 435 1910 prinicipio
450 1846 615 1912 cogitaram!
636 1845 734 1896 Brevis
749 1847 820 1896 enirn
835 1843 903 1895 haec
919 1843 974 1892 vir·
1034 1895 1037 1907 ,

173 1914 263 1968 tntum
283 1909 371 1976 ipsius
391 1912 630 1977 commemoratio,
650 1925 730 1975 quom
751 1909 820 1960 mihi
838 1909 976 1960 levationi

172 1973 236 2026 iore
246 1991 429 2042 speraveram,
444 1970 556 2028 ea‘mihi
566 1983 661 2041 peetus
673 1973 811 2035 effodit*),
828 1987 862 2024 ea
872 1973 976 2026 wlnns
1056 2029 1058 2044 ι

173 2040 270 2110 adegit
285 2044 382 2104 altius,
402 2057 436 2092 ea
450 2041 575 2092 dolorem
589 2041 687 2090 dolore
702 2039 858 2088 consolavit.
895 2037 976 2096 Quid

173 2108 249 2162 alind
259 2123 343 2174 agere
353 2121 509 2172 possumus,
524 2108 678 2170 quicunque
689 2103 740 2154 tali
749 2111 866 2169 petrono
878 2101 978 2157 orbati
993 2151 996 2156 .

173 2189 207 2224 ae
227 2175 352 2226 destituti
371 2187 480 2232 eunius,
503 2172 584 2236 quani
605 2177 636 2221 ut
654 2169 810 2235 lugeamus,
830 2175 861 2219 nt
878 2170 976 2224 modis

174 2239 300 2292 onnribns
313 2242 448 2288 testentur
462 2236 587 2288 dolorem
596 2241 736 2298 nostrum,
756 2242 786 2287 ut
803 2235 877 2301 quod
897 2237 975 2291 vitae

162 2304 310 2370 reliquum
329 2310 372 2356 est
386 2303 414 2354 in
424 2317 553 2356 moerore
570 2318 602 2355 ac
621 2305 665 2354 lac
717 2303 752 2355 iis
768 2303 975 2370 transigamnsi

170 2369 256 2420 lmrno
267 2384 333 2423 vero
344 2369 419 2422 alind
430 2377 459 2422 et
467 2385 613 2438 possumus
625 2377 653 2422 et
682 2372 802 2422 ebertus.
838 2369 975 2432 Quaerens

172 2436 245 2488 enirn
264 2439 311 2505 qni
330 2445 387 2490 tarn
406 2439 451 2506 pie
470 2447 581 2506 tamque
597 2437 753 2492 Christiane
772 2444 802 2493 et
819 2438 921 2490 vixerit
942 2445 974 2489 et

188 2531 191 2538 '
215 2536 235 2591 ¹)
247 2537 487 2594 (licicproirierel.
497 2539 537 2581 ulti
546 2537 599 2582 nlinr
610 2540 718 2594 scriptum
729 2541 789 2583 orat:
800 2533 974 2579 onmiumMur·
1055 2549 1056 2559 ¹

171 2591 449 2650 cellorennmenmpectm
459 2595 589 2638 martae
612 2596 663 2641 ellit
672 2596 790 2653 (eo-elit,
799 2592 920 2647 permista
935 2588 972 2633 ῙΙ·

172 2650 282 2702 aravit),
298 2650 322 2694 la
332 2652 496 2696 recentioribus
506 2665 590 2712 exemp
628 2654 679 2698 'lue
687 2650 772 2708 legitur
781 2645 876 2709 offildt'o
890 2649 894 2658 '
