2120 3018
351 145 506 200 ORATIO
524 145 600 202 Vlll
837 151 872 204 'll

70 244 261 313 colligantur,
279 246 390 298 omnino
410 259 444 298 ue
455 247 557 299 similia
566 249 622 300 sint
631 261 673 310 ea,
684 262 753 316 quae
763 249 874 301 conclu.

71 310 192 374 duntur,
207 326 304 364 eorum
315 327 350 363 ex
360 327 407 378 qur
426 329 457 363 us
470 313 601 364 eonelusa
611 320 685 365 sunt:
704 315 833 378 efficitur,
843 323 874 368 ut

72 375 285 444 enthymemata
303 379 470 457 paucissima
488 394 524 430 ex
542 380 720 442 necessariis,
742 381 873 448 pleraque

72 445 173 494 omnia
195 459 232 496 ex
253 445 449 496 verisimilibus
471 445 606 496 ducantur
627 453 709 514 atque
734 451 898 510 amantum}

69 507 225 564 Ducuntur
243 519 335 564 autem
354 509 558 576 enthymemata
576 526 611 562 ex
627 513 676 573 iis,
696 527 765 580 quae
786 510 876 564 εἰκότα

72 574 183 626 Graeci
192 583 300 639 vocant,
320 593 371 628 nos
382 575 502 629 fortasse
515 584 691 629 comentaneu
700 593 801 629 vocare
812 593 874 646 pos·
898 615 900 619 Α

72 656 187 702 sumus,
207 649 235 692 et
247 657 281 694 ex
294 642 393 708 signis.
444 641 543 694 Εἰκότα
556 650 621 696 sunt
632 645 777 712 generales
792 657 874 711 quae·
892 642 896 658 '

74 707 142 758 dam
155 709 310 760 sententiae
327 709 361 759 de
374 709 423 770 iis,
437 723 508 775 quae
523 708 557 759 ad
570 712 653 762 vitam
663 708 802 761 hominum
813 725 873 778 per·
912 717 916 721 '

73 774 182 835 tinent,
199 781 280 826 verae
294 774 404 840 quidem
413 773 479 826 illae
496 776 667 843 plerumque,
682 791 771 842 neque
781 783 874 828 tnnren

74 854 189 904 semper
212 855 244 892 ae
267 843 425 892 necessario
448 856 540 893 uerae.
576 842 660 893 Cuius
675 843 785 910 generis
799 849 872 906 sunt,

188 908 872 1028 ιιιιιιιιιιιιιιιί,ιιιὲιιιιιιιιιι

74 985 296 1106 hhhhhgsaatque
316 1011 431 1091 obtushs
450 989 578 1106 hemum.
613 1039 761 1108 signorum
780 1011 873 1094 autenh

75 1105 135 1155 alia
148 1103 219 1156 nihil
231 1107 390 1158 necessario
406 1107 585 1170 concludunt,
601 1107 650 1160 sed
664 1113 757 1157 tamen
770 1107 873 1160 habent

76 1171 200 1236 aliquam
228 1174 349 1236 speciem
375 1173 593 1240 probabilitatis,
622 1179 652 1226 ut
675 1172 746 1226 illud
761 1176 871 1227 Aeneae

76 1237 352 1308 apudl'irgiliunr*):
888 1315 890 1322 y

127 1333 168 1388 Ac
188 1334 226 1404 ’pe
235 1351 304 1388 nune
312 1333 439 1390 Danaum
447 1335 566 1402 insidiet,
577 1343 604 1388 et
612 1335 722 1392 crimine
730 1337 763 1392 ab
774 1355 827 1392 urta

127 1399 209 1454 Duce
219 1417 314 1454 omnes.

75 1497 236 1566 Nonenim,
255 1503 279 1553 si
289 1501 375 1557 fallax
385 1502 451 1558 Sino
459 1502 515 1558 fuit
525 1508 554 1556 et
562 1502 636 1556 idem
647 1502 782 1566 Graecus,
802 1504 871 1555 satis

77 1569 232 1635 argumenti
245 1575 301 1632 est,
315 1583 364 1621 cur
373 1577 498 1636 putemus
510 1571 633 1622 Graecos
644 1585 739 1621 omnes
749 1584 811 1621 esse
820 1567 871 1620 fal-

76 1633 165 1696 laces3
184 1641 232 1685 aut
249 1635 274 1686 si
292 1637 352 1702 quis
372 1651 445 1697 eum,
483 1639 511 1687 ui
530 1637 627 1688 crebro
642 1635 765 1706 anhelet,
785 1650 819 1688 ex
835 1649 870 1687 eo

77 1701 193 1768 colligat
210 1699 308 1753 febrim
325 1700 437 1756 habere.
498 1719 532 1754 on
552 1703 624 1755 enim
641 1703 695 1754 soli
710 1704 741 1755 id
754 1701 869 1764 faciunt,
886 1763 888 1770 y

77 1780 147 1833 quos
158 1765 243 1818 lebria
253 1774 337 1819 tenet.
364 1769 491 1820 hilarem
501 1771 660 1822 necessaria
672 1770 868 1830 demonstrant,

77 1835 140 1884 atsi
151 1834 211 1899 quis
223 1848 256 1884 ne
278 1841 307 1884 et
317 1835 358 1884 vir
379 1835 452 1886 inem
464 1850 525 1888 esse
537 1852 610 1900 eam,
625 1838 669 1892 cui
678 1836 721 1888 lac
735 1851 769 1888 er
779 1835 870 1885 uberi-
900 1853 910 1863 ⁴

76 1898 128 1950 bus
138 1897 213 1951 fluat.
273 1901 348 1951 niara
358 1851 407 1952 hia
417 1905 554 1954 communi
566 1905 676 1954 nomine
686 1903 766 1970 signa
776 1902 869 1952 dicun·

78 1971 134 2016 tur:
151 1962 219 2017 haee
231 1967 397 2019 Aristoteles
408 1967 550 2036 τεκμήρια,
564 1969 662 2022 Cicero
677 1969 803 2036 proprias
821 1981 869 2018 no·

62 2036 121 2082 ·taa
130 2041 218 2085 vocat.
252 2032 413 2100 Exemplum
424 2042 516 2088 autem
527 2041 582 2097 est,
597 2051 657 2086 cum
673 2049 706 2086 ex
719 2049 774 2085 una
785 2034 869 2101 pluri-

78 2096 161 2150 busve
181 2099 316 2154 similibus
331 2101 406 2153 aliud
421 2103 486 2152 item
501 2103 591 2154 simile
607 2101 671 2153 eolll
693 2101 761 2152 itur:
783 2107 829 2162 ut,
845 2100 867 2150 sl

78 2166 286 2234 intemperantia
299 2182 331 2218 ae
346 2168 433 2221 libide
449 2169 622 2238 Tarquiniis,
637 2169 661 2219 sl
674 2116 813 2232 hiunysio
828 2168 869 2216 iu·

79 2231 148 2283 niori
162 2247 276 2302 regnum
292 2234 410 2297 ademit,
427 2235 560 2286 credibile
576 2241 633 2298 est,
649 2231 729 2285 huius
748 2245 868 2299 quoque,

80 2299 124 2364 qni
132 2299 196 2350 illos
207 2300 337 2364 imitatur,
348 2302 464 2353 eundem
475 2303 577 2352 exitum
587 2299 659 2352 fore.
694 2300 795 2351 Secuta
803 2297 868 2348 inde

80 2371 120 2416 eat
128 2364 359 2434 enthymematum
368 2367 479 2429 divisio,
488 2368 561 2434 quod
571 2367 626 2417 alia
634 2366 757 2418 oratoria
764 2370 866 2425 essent,

80 2428 131 2483 alia
141 2440 232 2485 certae
244 2433 360 2485 alieuius
370 2435 437 2489 artis
449 2442 496 2500 aut
505 2433 645 2484 facultatis
656 2433 777 2498 propria.
801 2429 869 2480 Ora-
882 2483 884 2490 Α

79 2499 148 2562 turia
162 2505 239 2560 sunt,
255 2514 324 2566 quae
337 2500 473 2551 ducuntur
486 2507 532 2550 aut
543 2515 577 2549 ex
586 2499 657 2548 locis
669 2494 875 2555 communibus,¹

80 2563 772 2634 autuiisiulmrisffiuaearhetoribustraduntur.
808 2557 867 2611 Sin·
959 2601 961 2608 .

8 2637 10 2700 J
104 2643 123 2702 ¹)
138 2641 233 2722 Atell.
243 2646 277 2690 ta.
328 2675 331 2684 .
