2150 3012
182 191 230 242 nt
326 211 335 223 ·
452 185 604 238 ossn'rto
622 186 707 240 xiil.

217 304 232 342 e
249 301 306 342 non
316 285 443 356 capiunt,
460 287 589 340 inanibus
606 303 637 338 se
651 288 753 341 tabulis
766 295 880 358 propter
893 307 979 358 quan-

179 303 241 416 Em
250 355 360 407 iliarum
371 371 433 408 cunr
444 354 564 406 historia
573 355 781 406 similitudinem
792 359 943 411 oblectant.

229 423 285 477 Sed
299 437 532 489 supervacaneum
552 429 608 483 est,
629 413 664 472 de
682 422 838 487 voluptate,
856 440 927 491 qnae
939 440 978 478 ex
1027 427 1033 436 '

178 491 298 544 historia
311 490 475 557 percipitur,
494 487 619 554 pluribus
640 490 743 551 dicere,
755 505 817 540 curn
831 491 860 541 id
875 492 908 542 de
923 507 976 543 suo

178 561 295 628 quisque
305 571 390 606 sensu
399 556 522 605 iudicare
532 553 617 606 facile
626 556 724 622 possit.
759 557 873 608 Utilitas
883 566 977 610 autern

178 631 281 694 quanta
294 637 329 672 ex
344 620 478 672 historiae
497 624 665 672 tractatione
683 623 821 687 capiatur,
842 625 903 691 quis
919 639 976 676 uon

178 689 269 742 videti
284 688 367 739 Mitto
378 689 442 750 iarn,
455 689 529 753 quod
539 688 588 738 iile
599 688 670 754 apud
681 687 856 753 Platonem)
867 692 975 758 Aegyp-

178 757 234 810 tius
250 754 382 806 sacerdos
397 754 494 806 soloni
511 754 615 804 dixisse
629 753 730 816 fertur,
750 767 860 824 semper
871 772 975 822 pueros
1064 748 1070 822 '3

179 835 255 884 esse,
275 821 322 890 qui
338 821 483 872 vetustatis
501 821 662 886 cognitione
683 829 808 872 careant:
825 823 901 874 iilius
916 824 975 889 qui·
1069 823 1070 826 ’

103 911 107 922 ¹
179 889 242 944 dern
257 887 377 938 onrnlurn
392 885 569 937 humanarum
587 901 678 937 reruni
693 889 899 950 moderatricis,
911 905 976 955 pru-

178 955 299 1015 dentiae,
311 953 383 1004 unde
394 955 483 1004 rnaior
493 954 534 1004 vis
543 967 624 1020 quarn
634 967 669 1006 ex
679 953 797 1005 historia
806 955 903 1022 coiligi
914 965 975 1021 pot·
1069 995 1070 998 ,

179 1019 238 1074 esti
259 1020 321 1072 Non
338 1021 409 1070 enirn
423 1020 512 1070 avium
527 1025 610 1072 cantu
627 1027 674 1072 aut
692 1021 802 1083 volatu,
820 1037 876 1072 non
889 1023 974 1088 inspi-
1069 1037 1070 1042 ¹

178 1087 285 1142 ciendis
295 1088 430 1154 pecudum
446 1087 537 1149 fibris,
553 1101 609 1138 non
621 1088 838 1153 interpretandis
852 1087 974 1140 hariolo·

176 1171 239 1208 rum
249 1154 375 1206 cantibus
388 1153 481 1204 futura
493 1161 720 1221 praenoscuntur.
756 1155 826 1216 Quis
840 1157 974 1223 cuiusque

179 1221 290 1278 consilii
300 1227 348 1271 aut
356 1221 459 1288 incepti
470 1221 560 1272 exitus
574 1235 637 1272 esse
652 1221 754 1284 soleat,
769 1223 815 1288 qui
826 1223 976 1289 diiigenter

178 1289 318 1342 notaverit
338 1293 421 1355 atqua
441 1289 643 1350 observaverit,
666 1289 690 1339 is
709 1288 830 1350 demum,
855 1291 920 1356 quid
939 1303 974 1341 ex

158 1382 166 1394 ι
198 1356 279 1426 uo**)
295 1361 455 1418 eventurum
465 1357 512 1418 sit,
527 1356 629 1422 optime
639 1369 672 1405 ac
682 1357 836 1406 certissime
847 1355 974 1424 provide·

178 1371 230 1476 gii.
257 1423 427 1490 Quamquam
437 1423 509 1474 enirn
519 1437 573 1471 non
587 1427 664 1472 certa
677 1421 793 1488 quadani
809 1430 838 1474 et
849 1425 974 1474 immuta-
1031 1461 1038 1465 .

178 1490 230 1552 bili
242 1491 371 1542 serieres
386 1488 522 1542 humanae
535 1488 695 1552 volvuntur,
711 1503 864 1556 magnaque
879 1501 973 1540 earunr

178 1559 301 1610 varietas
313 1563 342 1608 et
352 1555 538 1608 inconstantia
548 1561 604 1618 est,
618 1561 648 1605 ut
661 1552 715 1606 hoc
726 1557 829 1622 ipsum,
845 1555 974 1622 quemad-

179 1622 975 1702 nvodnrndicebatdgntho‘**),verisimilesit,nrultaprae-

179 1691 267 1754 tenid,
295 1691 350 1741 und
361 1689 571 1750 verisimilem,
581 1690 705 1740 evenire:
715 1688 975 1758 plerumquetanren
1057 1705 1070 1716 ·¹

180 1757 343 1812 esiminbus
354 1755 458 1806 similia
472 1755 621 1819 exsistunt3
640 1770 729 1824 neque
743 1758 801 1808 ulia
814 1758 918 1808 certior
930 1767 975 1806 re·
1060 1758 1062 1768 ’

178 1825 245 1944 pala
254 1821 454 1883 estindicandi,
463 1835 517 1888 quo
529 1836 653 1888 quaeque
661 1837 706 1873 res
715 1837 831 1874 evasura
839 1825 885 1886 sit,
893 1837 974 1890 quarn

166 1923 168 1930 ·
191 1891 325 1958 aspicere,
337 1903 417 1956 quern
428 1889 531 1938 exitum
541 1887 643 1938 similia
653 1889 681 1939 in
692 1889 895 1957 longinquitate
906 1896 974 1940 tem·
1063 1903 1070 1918 ¹⁴

177 1957 255 2028 poris
266 1955 376 2070 saepius
388 1969 420 2005 ac
433 1952 771 2021 frequentiushnbuerint.
807 1956 916 2022 Quodsi
926 1961 975 2012 aui

178 2031 233 2078 ton
254 2023 311 2074 oris

178 2039 251 2144 21111]

179 2155 299 2215 saecule,
308 2153 334 2204 ln
350 2155 418 2220 egrd
426 2160 517 2204 ruente
527 2153 699 2218 integrisque
710 2145 836 2202 sensibus
847 2152 974 2217 vixisset,

179 2221 279 2274 multas
291 2220 445 2289 provincias
457 2219 587 2281 obiisset,
602 2219 637 2269 ad
649 2219 760 2270 intimas
770 2216 924 2285 principum
933 2219 975 2270 vi-

235 2325 244 2346 ·
274 2317 395 2417 'direpta
405 2323 440 2362 22.
451 2317 529 2375 (ron.
538 2316 583 2362 lx.
594 2304 643 2361 atio.
654 2318 715 2374 Bip.)

224 2379 244 2400 ⁸·
272 2373 321 2417 Liv.
358 2373 414 2418 XX.
426 2377 460 2416 12.
476 2375 607 2417 ceterorum
618 2373 760 2418 miserabilor
769 2372 841 2416 orrtio
851 2371 901 2423 init,
912 2385 974 2416 ecnu-

346 2020 481 2072 ominibus
496 2020 530 2070 nd
547 2020 691 2070 vivendum
706 2023 835 2070 concessi
852 2022 974 2074 brevitas
1069 2035 1070 2040 ¹

249 2102 299 2156 psa
312 2087 339 2138 vi
371 2101 385 2137 e
400 2086 473 2146 ratio
489 2092 644 2153 peteretur,
663 2083 780 2136 aridem
795 2085 877 2135 horno
888 2089 976 2140 muita
1069 2141 1070 2146 ,

179 2431 357 2480 memorantium,
372 2443 400 2473 ec
410 2429 501 2486 quantit
510 2429 591 2484 npiirnr
601 2442 644 2486 qno
654 2431 790 2474 recidissent
801 2429 974 2482 Gerthtginien·
1069 2481 1070 2484 Ἰ

181 2485 238 2530 tinnt
247 2497 291 2530 rea.
301 2485 416 2530 Damnatis.
426 2487 493 2540 Lept
504 2499 556 2541 pag.
565 2489 613 2528 tat.
624 2484 676 2540 5³8,
686 2487 777 2530 devint,
784 2483 808 2525 iis
813 2486 896 2532 τρόπον,
906 2477 924 2521 ι’
933 2483 975 2523 ‹iv-

178 2539 346 2644 dxoffi'zrlippepr.
356 2538 442 2582 tatros
450 2537 499 2587 seire
508 2539 584 2590 νόμους
592 2537 620 2588 ὥς
631 2539 781 2590 weldenotein
790 2542 878 2583 arrives.
891 2541 973 2589 lustin.

216 2655 257 2712 ⁸¹¹)
272 2655 368 2702 Aricini.
379 2653 407 2698 dt
421 2651 487 2698 Post
500 2657 534 2698 le.
551 2647 596 2694 forr
606 2651 630 2696 81
638 2653 701 2697 τοῦτο
712 2653 778 2704 riade,
794 2649 862 2704 ὅσπερ
872 2649 973 2704 {Arcisius
1069 2657 1070 2666 ¹

180 2707 243 2760 iiras·
260 2711 313 2759 riade
322 2709 361 2762 γὰρ
370 2709 467 2762 yr'rrvdrn
475 2707 543 2752 nott&
550 2709 586 2751 uni
594 2708 651 2760 urst
662 2711 686 2752 τό
695 2711 754 2760 riarde
