2140 3010
304 185 316 193 .
389 139 629 195 orrrroxx.
688 195 691 216 ,
854 113 949 196 rus'

53 243 69 252 “
109 237 185 300 ‹lie'm
198 258 278 302 suum
288 238 436 308 uiolenti),
448 245 512 296 eum
525 242 607 300 coelo
620 241 675 312 ium
689 241 831 310 receptum
845 257 908 298 esse

108 313 278 380 sperandum
292 317 347 375 est3
369 312 434 378 quie
446 317 538 362 tamen
552 309 608 360 rari
624 308 770 366 udmotlum
787 311 829 361 its
846 313 908 378 puri

83 386 86 390 “
110 379 293 447 egrediuntur
306 392 342 429 ex
354 378 480 444 corporis
488 375 621 438 vinculis,
641 383 737 427 utnon
752 378 793 431 eis
805 391 909 443 -poeua-

108 451 172 498 rum
185 445 289 511 aliquid
302 450 367 510 post
379 451 497 496 mortem
509 442 639 495 luendum
650 444 783 509 supersit,
803 457 909 496 earum·

111 527 166 579 que
175 518 233 564 turn
243 511 306 562 eliis
316 513 370 576 piis
381 510 550 573 actionibus,
566 511 728 574 tumpreeci
747 507 863 576 ociosis
875 523 910 562 ex

111 580 204 630 animo
215 577 343 644 precibus
354 583 382 640 et
391 585 499 644 tempus
511 575 637 627 contrahi
648 583 676 627 et
685 591 717 628 ar
737 590 770 628 or
785 575 909 643 mitigari

4 665 12 682 r
71 649 219 716 *potestx
235 643 329 696 fucere
350 659 445 696 omnes
459 643 552 696 omnia
565 643 709 707 debemus,
728 649 760 694 ut
772 643 802 694 ei
818 643 909 695 modis
978 687 979 692 ,

111 711 238 762 omnibus
249 709 424 776 opitulemur.

145 777 225 844 Agite
246 777 334 843 igitur
353 778 508 844 quicunque
531 775 715 844 Hippolytum
732 775 908 826 Cardinclem
954 803 962 810 ·

109 842 315 896 Ferrariensem
328 849 357 900 et
368 844 459 896 virum
476 845 590 908 amastis
606 849 634 894 et
647 850 786 896 mortuum
800 841 908 903 amatis,
970 907 972 912 y

111 911 271 978 coniungite
281 924 389 984 meeum
398 924 498 978 preces
511 915 619 961 vestras
633 916 661 960 et
674 909 791 962 sublatis
805 909 834 959 in
844 920 908 958 coe-

4 969 6 1044 ζ
90 975 168 1036 ΙΙίιιιι
186 968 315 1028 manibus
333 977 366 1028 ac
385 977 523 1028 mentibus
546 977 740 1028 liberationem
761 975 849 1042 ipsius
873 988 909 1026 ex

4 1051 6 1106 g
83 1059 85 1064 ·
111 1042 177 1094 loco
195 1043 346 1110 purgandis
364 1050 564 1109 postmortem
583 1044 682 1094 animis
701 1044 855 1104 destinato,
883 1042 908 1092 si

110 1109 184 1160 forte
195 1111 233 1162 ibi
245 1109 334 1160 adhue
348 1109 506 1170 detinetur,
521 1124 538 1159 a
546 1109 608 1160 Deo
623 1109 727 1174 optimo
736 1110 857 1161 maximo
869 1107 908 1158 ef·

32 1229 38 1236 ,
107 1175 244 1242 flagitate.
268 1175 378 1227 Nullius
389 1176 460 1225 enim
470 1181 581 1224 mortuo
592 1174 724 1224 auxilium
735 1176 817 1236 desit,
830 1175 908 1226 cuius

109 1244 164 1293 vivi
185 1244 254 1296 nulli
274 1255 392 1306 unquam
411 1239 543 1290 auxilium
563 1237 660 1290 defuit.
705 1239 815 1292 Christe
834 1241 909 1300 lesu,
961 1300 965 1306 ‚
1014 1298 1015 1306 ἵ

109 1307 219 1382 bomani
243 1307 354 1374 generis
374 1306 503 1357 conditor
521 1313 551 1356 et
569 1306 754 1368 assertor**),
790 1307 837 1370 qui
855 1320 907 1357 nos

109 1376 182 1426 alios
192 1389 242 1440 pro
254 1373 317 1422 aliis
329 1385 408 1423 orare
419 1372 544 1434 voluisti,
555 1371 602 1438 qui
611 1377 722 1422 tuorum
732 1383 831 1437 preces
841 1387 906 1422 nun·

26 1451 28 1455 ’
110 1441 294 1508 quam'irritas
304 1437 365 1490 lore
375 1439 517 1505 pollicitus
530 1453 569 1501 es,
584 1437 691 1503 respice
703 1437 774 1488 hanc
785 1436 907 1488 multitu-

110 1508 203 1558 dinem
218 1503 347 1556 afflictam
357 1521 389 1556 ec
399 1505 497 1572 dolore
508 1503 677 1564 conlectam,
692 1511 724 1556 et.
729 1502 841 1570 perillo
849 1501 907 1553 vul-

109 1578 187 1635 nera,
197 1585 267 1640 quae
276 1585 327 1639 pro
337 1573 417 1623 nobis
427 1572 577 1639 pertulisti,
586 1585 636 1637 per
646 1570 725 1622 illurn
735 1570 907 1637 sunguinem,

101 1653 192 1708 'quem
211 1651 261 1704 pro
282 1637 362 1690 uobis
381 1641 478 1691 incra
496 1639 586 1689 crucis
605 1635 742 1698 effudisti,
763 1651 813 1702 per
830 1635 922 1704 illam·

61 1718 64 1722 ’
100 1712 226 1760 'mortem
236 1706 405 1772 ignominiae
417 1706 539 1772 plenam,
554 1719 634 1770 quem
647 1719 698 1770 pro
712 1704 794 1754 nobis
808 1711 927 1770 sponoe,

36 1777 39 1783 '
109 1773 232 1834 subiisti,
246 1772 337 1823 tribue
351 1770 404 1824 hoc
418 1772 521 1823 nostris
533 1771 652 1822 omnium
663 1770 850 1822 concordibus
859 1784 907 1820 ro·
995 1787 997 1794 ·

108 1843 161 1902 tis,
178 1844 209 1890 ut
221 1837 354 1890 famulum
367 1845 444 1890 tuum
458 1837 641 1904 Hippolytum
652 1835 833 1888 ,Cardinelcm
841 1835 907 1888 Fer-

109 1907 261 1957 reriensem
275 1920 292 1956 a
304 1907 415 1972 poenis,
436 1905 572 1970 siquibus
588 1901 679 1954 adhuc
696 1902 833 1966 obnoxius
855 1912 908 1964 est,

6 1959 9 1966 ’
52 1967 58 2006 -’
109 1971 265 2035 liberatum,
275 1987 336 2023 eum
346 1975 375 2024 in
384 1974 476 2024 loeuur
486 1985 567 2038 quam
577 1971 693 2036 primum
703 1969 849 2036 perducas,
859 1969 908 2020 ubi

109 2039 229 2092 aeternis
237 2046 330 2090 tecum
341 2039 450 2106 gaudiis
464 2037 631 2106 perfruatur.
666 2037 707 2088 lte
719 2037 907 2100 consummo,

109 2105 184 2156 cives
194 2106 333 2167 Tiburtes,
343 2107 473 2158 nunciate
482 2105 579 2156 liberis
588 2104 699 2166 restris,
708 2101 849 2170 nunquam
860 2117 908 2156 ne·

108 2187 162 2240 quc
176 2172 253 2239 ipsos
269 2186 358 2240 neque
373 2175 495 2242 ipsorum
505 2172 610 2224 liberos
621 2172 782 2238 cuiusquam
790 2171 907 2224 maioris
952 2169 958 2175 '
980 2189 988 2195 ·
1061 2165 1065 2180 “

155 2316 175 2372 ·)
186 2315 251 2361 Serv.
260 2317 321 2374 opud
332 2315 406 2361 Cicer.
415 2317 458 2362 lv.
472 2317 501 2362 tul
510 2317 575 2362 Fam.
588 2281 619 2362 li.
632 2318 652 2374 ξ.
663 2321 694 2360 2:
712 2314 790 2372 paullo
803 2319 858 2362 ante
872 2313 907 2358 lu·

12 2389 16 2402 ¹
108 2385 155 2416 tem
165 2372 298 2416 Marcellum
308 2372 367 2417 rlr'em
374 2387 438 2418 suum
447 2374 528 2416 obiisse
537 2375 643 2432 (mortem
654 2373 758 2426 obiisse).

145 2439 175 2496 ¹¹)
186 2439 279 2485 Sueten.
290 2440 358 2485 Gall.
368 2445 389 2486 9.
405 2443 508 2486 llumsue
517 2442 596 2494 generi
605 2448 739 2486 erratorum
748 2452 772 2484 se
782 2451 908 2486 recommo-

107 2496 176 2606 Ἥ)
186 2549 292 2596 Imitatur
306 2553 390 2596 (lictum
407 2549 497 2596 Metelli
512 2551 654 2595 Macedonici
669 2552 694 2594 in
704 2549 820 2606 Scipionis
829 2548 906 2594 'Aemi-

70 2672 73 2682 Ι
107 2605 162 2650 lieni
173 2607 264 2658 irruere,
283 2608 343 2673 quod
356 2609 456 2688 estupurl
467 2607 568 2672 Plinium
578 2607 606 2649 ll.
616 2604 710 2676 guyn.
721 2609 757 2650 44.
777 2603 833 2673 .J²⁸l
843 2605 905 2706 clii,

107 2663 220 2719 celebrate,
228 2677 351 2720 excoquunt.
379 2663 502 2721 Nunquam
510 2661 566 2708 cerie
576 2660 843 2719 maromfumoortleber
864 2691 869 2702 .
