2150 3012
314 136 644 232 ‘oninrro'irvm
767 148 777 157 “
851 183 899 236 ιιι

99 273 150 333 sed
159 280 251 333 Attica
263 277 360 346 inagna
372 276 496 330 habitum
511 279 700 346 eloquentem
714 295 818 336 meram
827 285 899 338 insa·

99 349 172 399 niam
186 361 262 409 esse,
273 352 387 396 'tanturn
407 358 508 414 operae
525 362 557 397 ao
571 350 704 414 temporis
718 351 848 416 perdere,
868 361 900 404 ut
936 365 939 370 ·

100 429 161 465 eum
173 427 328 466 sermonem
338 412 539 480 intelligamus,
556 429 589 464 eo
610 430 645 464 ue
656 423 777 479 utamur,
813 433 848 470 uo
858 418 899 470 uti

99 479 226 536 homines
239 480 332 529 multis
347 477 445 530 abhino
461 481 580 532 saeculis
593 431 751 534 (liesierunt.
813 500 828 537 e
842 485 898 538 De·

99 544 272 599 mosthenem
291 545 400 612 quidem
419 552 467 596 aut
481 544 643 598 Ciceronem
663 561 789 614 curasse,
808 550 895 614 illurn,

119 611 240 664 uomodo
252 611 383 680 Cecropis
393 611 649 678 autTlnesei,hn'ne,
659 617 896 684 quomodoEuau·
928 626 933 632 ‘

135 681 205 730 iaut
217 677 325 730 Romuli
346 679 516 744 temporibus
536 681 612 732 eires
628 685 670 733 sui
689 681 776 734 locuti
791 693 895 750 essent3

99 749 167 800 suae
178 759 312 812 quemque
323 760 377 795 non
385 747 476 812 gentis
486 747 579 810 modo,
588 749 637 799 sed
645 756 677 799 et
687 751 786 801 aetatis
794 767 897 804 sermn-

99 829 134 866 ne
145 818 305 874 contentum
319 825 381 862 esse
396 821 533 877 oportere.
568 812 723 878 Audebunt,
739 818 815 869 ideo
831 819 898 870 iaci-⁸

100 881 154 948 lius
164 879 241 930 iaetu
251 891 313 929 esse
326 876 481 929 hominibus
497 879 587 942 italis,
603 883 676 948 quod
691 881 898 950 p1·aeolar'ailla

102 947 271 999 Graecorum
282 943 498 1012 Latinorumque
507 955 685 1000 monumenta
701 951 755 1002 iarn
765 953 897 1020 pleraque

102 1015 194 1066 omnia
202 1013 231 1064 in
246 1026 306 1062 eam
319 1012 454 1078 linguam,
469 1027 523 1079 qua
536 1013 619 1082 vulgo
635 1017 749 1080 utimur,
764 1034 898 1072 conversa

101 1087 207 1141 essent,
222 1085 265 1141 nt,
280 1077 330 1129 illo
344 1080 552 1144 peregrinitatis
566 1083 645 1147 quasi
658 1087 762 1135 cortice
776 1099 808 1136 ao
821 1094 897 1153 puts·

101 1149 174 1200 mine
186 1145 434 1206 detracto‚nuoleis
444 1147 518 1196 vesei
531 1153 559 1197 et
567 1154 672 1200 ut'osse
683 1149 826 1204 confracto
838 1169 897 1205 suo·

102 1230 164 1268 eum
174 1210 364 1264 aomednllam
373 1213 461 1278 ipsam
472 1224 607 1278 exsugere
617 1213 723 1266 liceret.

134 1283 222 1347 Aqua
231 1279 360 1346 opinione
371 1279 500 1345 quoniam
508 1279 548 1329 lta
556 1277 701 1344 dissentio,
711 1288 741 1332 ut
748 1287 897 1338 evonandis

101 1362 120 1400 a
129 1347 254 1398 Graecae
269 1359 301 1396 ae
310 1345 427 1396 Latinae
441 1345 553 1412 linguae
566 1345 658 1398 studio
674 1347 897 1404 adolescentibus

101 1415 164 1482 ipsa
173 1411 350 1464 fundamenta
360 1410 566 1478 disciplinarum
578 1413 697 1464 convelli
708 1429 740 1465 ae
749 1415 898 1482 labetacta-

39 1523 43 1530 .
100 1483 127 1532 ri
135 1485 239 1548 putem,
254 1493 343 1546 neque
353 1479 437 1530 ullam
450 1485 555 1546 pestem
566 1478 784 1546 praesentiorem
798 1491 845 1534 aut
858 1483 897 1534 nl-

101 1548 159 1599 lum
169 1547 271 1598 certius
283 1545 396 1597 exitium
410 1546 537 1596 omnibus
550 1547 677 1614 ingenuis
687 1549 792 1600 artibus
804 1547 905 1600 afferri

84 1655 86 1662 .
101 1610 187 1684 'posse
198 1614 325 1675 arbitrer,
341 1626 420 1678 qnam
433 1613 457 1662 si
466 1614 577 1680 linguae
587 1615 666 1680 illae,
682 1629 751 1682 quae
768 1617 845 1683 qnasi
857 1633 900 1668 su-

105 1681 196 1733 oraria
209 1679 343 1746 quaedam
357 1693 451 1730 earum
464 1688 539 1743 sunt,
558 1681 744 1749 negligantur:
765 1696 899 1750 exponam

103 1747 160 1800 hoe
171 1748 234 1798 loeo
244 1747 366 1798 breviter
376 1759 488 1797 caussas
498 1747 593 1798 indicii
604 1749 667 1810 mei,
683 1749 863 1818 efficiamque,
875 1754 899 1802 si

102 1821 212 1884 potero,
228 1820 259 1865 ut
268 1813 377 1882 linguas
388 1814 496 1880 quidem
508 1815 571 1865 illas
582 1815 657 1865 omni
667 1817 759 1868 studio
771 1819 899 1884 dignissi-

100 1894 161 1934 mas
172 1895 243 1942 esse,
257 1879 306 1932 sed
316 1879 402 1931 multa
411 1879 464 1930 hoe
474 1887 598 1948 tempore
611 1882 640 1932 in
654 1895 747 1934 earum
757 1885 907 1935 tractatio.

101 1963 138 2000 ne
148 1949 267 2016 peccari,
277 1946 384 2013 liquido
394 1947 567 2014 intelligatis.
602 1947 681 2000 Duae
691 1951 838 2018 praecipue
848 1953 898 2004 mi·

100 2014 132 2067 hi
142 2015 252 2132 &uidem
267 2027 381 2064 caussae
397 2029 459 2065 esse
474 2013 614 2078 videntur,
629 2014 834 2080 adolescentes,
850 2035 898 2070 our

101 2088 131 2134 et
169 2095 277 2132 raecum
291 2085 320 2131 et
332 2079 459 2131 Latinam
472 2081 594 2148 linguam
610 2094 702 2134 amare
718 2091 748 2136 et
760 2085 787 2135 in
803 2099 897 2136 earum

100 2154 218 2215 utraque
229 2147 405 2214 praecipuum
416 2148 535 2199 studium
545 2163 648 2216 ponere
660 2149 818 2203 debeamus.
837 2151 897 2203 Una

100 2216 175 2283 quod
187 2215 293 2265 Graece
308 2220 337 2266 et
345 2213 458 2276 Latine,
473 2215 579 2265 Graece
598 2215 708 2282 quidem
724 2223 752 2268 et
764 2217 858 2284 plures
868 2225 897 2270 et

10 2295 12 2318 ·
98 2283 331 2348 praestantiores,
351 2281 402 2332 sed
414 2287 507 2332 tamen
519 2281 619 2332 Latine
633 2297 742 2350 quoque
756 2291 799 2335 sat
816 2285 897 2336 multi

99 2348 239 2400 eiusmodi
253 2349 307 2401 viri
325 2350 506 2414 scripserunt,
525 2354 557 2398 ut
574 2356 689 2416 propter
706 2351 897 2402 adniirabilem

99 2414 237 2482 quandam
255 2414 432 2481 sapientiam,
453 2429 508 2481 qna
523 2413 567 2466 illi
586 2421 665 2466 tanto
685 2431 768 2484 supra
786 2425 896 2470 eeteros

97 2480 232 2533 mortales
255 2479 420 2542 floruerunt,
443 2488 474 2532 ut
493 2479 609 2532 aliarum
629 2483 751 2549 gentium
771 2482 896 2534 homines

10 2563 11 2566 ¹
98 2543 165 2597 eum'
172 2549 213 2602 eis
223 2549 320 2600 collati
346 2547 453 2598 itiiotae
464 2547 574 2614 quidam
584 2553 612 2598 et
622 2557 748 2614 agrestes
760 2550 847 2600 inisse
857 2551 895 2598 vi·

97 2613 225 2675 deantur,
236 2615 464 2681 dignissimisint,
472 2613 507 2666 ad
517 2628 587 2680 quos
596 2613 794 2678 intelligendos
806 2615 895 2664 omnis

97 2678 133 2729 ab
152 2680 279 2732 omnibus
301 2681 483 2746 elegantioris
506 2680 612 2747 ingenii
631 2677 786 2730 hominibus
809 2693 895 2743 opera

214 2820 221 2854 i
